2486 3916
167 191 210 256 48
417 206 453 240 ns
472 204 527 244 usu
545 204 581 239 rar
599 203 790 240 uaosrarronrs
811 189 845 245 11,
865 189 890 242 5.

170 349 240 404 civili
255 349 390 421 recipiunt
406 345 614 402 usumfructum.
639 362 693 420 quo
709 361 822 400 numero
839 345 1017 414 somvicum,
1034 343 1146 414 oleum,

168 433 349 502 frumentum,
364 432 532 486 vestimenta.
557 429 655 504 quibus
666 430 786 504 proxima
801 436 844 484 est
853 429 967 502 pecunia
980 437 1145 484 numerata:

169 533 284 589 namque
299 517 327 571 in
342 509 421 589 ipso¹
438 531 490 570 usu
505 515 616 570 adsidua
626 515 825 588 perscrutatione
836 511 1038 586 quodammodo
1051 514 1147 568 extin-

100 624 102 630 ¹
169 602 271 676 gutur.
304 599 352 655 sed
368 599 492 656 utilitatis
507 615 586 656 causa
601 607 712 655 senatus
726 597 842 668 censuit,
857 613 940 670 posse
952 596 1034 652 etiam
1046 612 1146 652 earttnr

168 701 258 740 rerum
274 683 472 740 usumfructum
489 685 633 755 constitui,
651 691 679 738 ut
695 691 783 738 tamen
799 697 831 737 eo
847 681 957 736 nomine
972 679 1071 737 heredi
1086 682 1146 736 uti·

168 769 231 824 litor
246 776 380 824 caveatur.
419 770 510 842 itaque
526 769 549 824 si
564 768 693 842 pecuniae
708 765 883 822 ususfructus
902 765 1013 839 legatus
1027 766 1080 835 sit,
1103 767 1145 820 ita

168 852 247 909 datur
261 852 408 928 legatario,
432 861 463 908 ut
483 853 542 908 eius
563 851 625 924 fiat,
646 861 674 908 et
696 851 843 925 legatarius
864 849 977 906 satisdat
992 849 1090 905 heredi
1107 849 1145 904 de

106 970 109 978 ·
170 945 243 993 tanta
267 938 381 1011 pecunia
405 935 588 1007 restituenda,
616 938 638 992 si
658 937 790 992 morietur
809 943 855 992 aut
877 935 965 1008 capite
986 935 1142 990 minuetur.

168 1031 272 1078 ceterae
289 1037 398 1094 quoque
418 1037 462 1076 res
478 1023 514 1076 ita
530 1019 673 1076 traduntur
688 1019 834 1094 legatario,
858 1027 889 1075 ut
903 1019 961 1074 eius
977 1017 1057 1074 fiant:
1090 1017 1143 1074 sed

167 1107 315 1160 aestimatis
339 1105 381 1160 his
397 1105 559 1175 satisdator,
575 1113 616 1176 ut,
633 1105 656 1160 si
671 1105 804 1160 morietur
819 1111 866 1159 aut
882 1104 970 1176 capite
985 1104 1141 1172 minuetur,

170 1197 241 1244 tanta
257 1190 370 1262 pecunia
384 1189 560 1260 restituatur,
578 1189 671 1264 quanti
688 1204 734 1244 eae
750 1188 851 1244 fuerint
863 1189 1028 1244 aestimatae.
1069 1204 1141 1261 ergo

167 1280 277 1328 senatus
307 1289 361 1330 uon
390 1273 455 1329 feeit
485 1272 592 1347 quidem
622 1289 713 1328 earum
739 1289 829 1328 rerum
856 1271 1056 1328 usumfructum
1078 1270 1142 1344 (nec

168 1358 238 1412 enim
272 1357 418 1431 poterat),
460 1357 508 1414 sed
543 1373 592 1431 per
628 1351 780 1413 cautionem
817 1357 893 1430 quasi
933 1355 1140 1412 usumfructum

134 1453 150 1500 3
168 1443 319 1498 constituit.
358 1441 463 1498 Finitus
477 1441 574 1498 autem
584 1441 755 1498 ususfructus
768 1449 855 1496 morte
870 1440 1012 1496 fructuarii
1028 1449 1056 1496 et
1072 1440 1141 1495 dua·

167 1525 218 1581 bus
234 1528 329 1600 capitis
345 1525 592 1598 deminutiouibus,
614 1527 725 1582 maxima
745 1533 773 1582 et
794 1524 894 1598 media,
916 1533 944 1580 ct
960 1541 1016 1581 non
1031 1523 1139 1580 utendo

167 1627 216 1683 per
231 1611 340 1666 modum
356 1619 383 1666 et
399 1620 516 1684 tempus.
540 1628 608 1683 qnae
624 1611 712 1666 omnia
727 1617 820 1666 nostra
836 1609 931 1666 statuit
942 1602 1139 1666 constitutio.‘·'

167 1695 231 1748 item
248 1693 340 1750 linitur
355 1694 545 1765 ususfructus,
561 1695 584 1750 si
598 1693 708 1750 domino
723 1695 897 1767 proprietatis
913 1693 945 1749 ab
961 1693 1139 1750 usufructua-

167 1778 209 1832 rio
225 1777 337 1833 cedatur
352 1777 424 1850 (nam
441 1787 569 1834 extraneo
592 1777 714 1834 cedendo
734 1778 802 1834 nihil
818 1776 932 1852 agitari:
963 1778 1006 1834 vel
1022 1795 1056 1834 es
1072 1795 1138 1834 cou-

168 1863 250 1916 trario
277 1863 300 1916 si
326 1863 490 1918 fructuarius
513 1863 708 1936 proprietatem
733 1863 773 1918 rei
799 1862 972 1937 adquisierit,
999 1859 1137 1936 quaeres

168 1945 346 2002 consolidatio
362 1945 522 2020 appellatur.
553 1963 586 2002 eo
602 1946 716 2022 amplius
731 1955 854 2018 constat,
875 1948 899 2003 si
913 1946 993 2003 aedes
1009 1947 1136 2004 incendio

167 2039 344 2104 consumptae
369 2030 471 2087 fuerint
495 2029 538 2088 vel
563 2033 644 2087 etiam
661 2039 839 2088 terraemotu
865 2040 911 2088 aut
926 2032 991 2088 vitio
1007 2049 1137 2102 succor-

167 2115 288 2188 ruerint,
310 2117 431 2190 extingui
454 2115 652 2172 usumfructum
669 2125 696 2172 et
712 2133 745 2170 ne
767 2131 843 2172 areae
865 2115 975 2190 quidem
997 2115 1136 2176 usumfru-

133 2209 150 2256 4
167 2207 239 2254 otum
256 2199 358 2258 deberi.
396 2200 462 2256 Cum
477 2210 567 2258 autem
584 2199 675 2256 linitus
691 2201 774 2256 fuerit
786 2200 971 2272 ususfructus,
986 2201 1137 2258 revertitur

108 2279 110 2284 ’
169 2283 271 2340 scilicet
291 2285 324 2339 ad
338 2287 533 2358 proprietatem
554 2293 581 2340 et
602 2301 634 2340 es
656 2300 688 2340 co
706 2293 827 2358 tempore
848 2285 936 2342 nudae
956 2288 1135 2360 proprietatis

167 2367 293 2424 dominus
308 2370 401 2442 incipit
416 2369 522 2442 plenam
538 2368 637 2424 habere
651 2370 679 2424 iu
694 2386 724 2425 re
738 2378 913 2443 potestatem,

604 2565 661 2607 m.
673 2565 701 2607 V.

408 2666 458 2718 DE
476 2665 550 2720 USU
567 2665 615 2718 ΕΤ
634 2667 894 2722 HABITATIONE.

114 2816 150 2856 pf,
232 2790 328 2847 lisdem
343 2793 402 2848 istis
417 2791 517 2864 modis,
542 2791 638 2866 quihus
659 2790 831 2850 ususfructus
845 2795 1039 2868 constituitur,
1055 2797 1135 2852 etiam

166 2875 254 2930 nudus
271 2891 337 2932 usus
353 2878 483 2933 constitui
498 2877 588 2948 solet,
609 2875 758 2950 iisdemque
781 2877 834 2933 illis
850 2878 937 2934 modis
953 2876 1059 2952 finitur,
1077 2883 1135 2954 qui·

134 2958 216 3019 tbus
233 2967 260 3014 et
276 2961 447 3018 ususfructus
463 2961 571 3018 desinit.
608 2959 695 3016 llinus
716 2969 805 3018 autem
821 2962 924 3018 scilicet
945 2964 1011 3020 iuris
1033 2966 1060 3020 in
1083 2981 1134 3020 usu

166 3050 303 3116 est‘quam
324 3045 352 3100 ln
373 3046 525 3103 usufructu.
563 3062 678 3119 namque
698 3048 736 3117 is,
763 3048 809 3120 qui
835 3047 913 3103 fundi
935 3047 1039 3104 nudum
1055 3065 1133 3105 usum

168 3126 261 3200 habet,
287 3128 354 3185 nihil
380 3129 496 3188 ulterius
523 3129 620 3188 habere
635 3131 829 3206 intellegetur,
857 3149 937 3206 quam
954 3139 983 3187 ut
999 3131 1131 3204 oleribus,

166 3213 268 3286 pomis,
285 3211 413 3288 floribus,
430 3215 509 3288 feno,
525 3217 695 3302 stramentis,
716 3215 798 3290 lignis
814 3217 846 3272 ad
861 3233 941 3274 usum
956 3217 1133 3274 cottidianum

235 3409 255 3477 ¹)
273 3415 311 3464 sie
329 3422 354 3464 et
375 3415 485 3480 Theopl.
504 3431 539 3466 ea*
555 3417 658 3473 uitiosa,
677 3423 704 3466 ut
721 3417 821 3466 videtur
838 3416 984 3479 scripturo,
1004 3431 1060 3466 cum
1077 3431 1133 3466 sen-

164 3493 208 3528 sus
223 3481 325 3544 flopt'tet
343 3487 370 3532 ct
387 3483 458 3550 ipsa.
527 3480 548 3549 ²)
567 3485 600 3538 L.
621 3486 660 3559 ld.
681 3483 708 3534 0.
727 3485 759 3534 de
777 3483 859 3546 ususr.
879 3483 915 3549 (3,
928 3482 979 3546 33).
