2464 3916
40 113 43 208 ῥ’
108 157 144 191 os
159 153 355 204 oanrosnrorr,
370 155 443 198 oues
455 154 540 199 Qussr
554 156 591 190 ux
603 156 725 192 nsnrcno
739 155 906 192 nascunroa
916 143 962 205 IV,
973 145 997 192 5.
1016 140 1075 204 167

38 325 41 360 ς,
102 299 153 364 tis3
170 295 249 352 aliter
264 295 335 351 enim
345 297 483 352 senatoris
498 303 528 352 ct
541 298 662 370 parentis
677 299 848 370 patronique,
864 297 942 354 aliter
957 300 1076 356 extranei

37 405 39 422 ι
99 389 131 438 et
147 379 256 436 humilis
270 395 405 452 personae
418 381 515 437 iniuria
535 383 701 436 aestimatur.
733 398 935 456 nonnumquam
956 391 985 438 et
999 383 1075 440 locus

101 466 222 522 vulneris
237 471 356 520 atrocem
372 465 494 522 iniuriam
509 465 583 536 iacit,
598 465 683 522 veluti
703 467 725 520 si
745 467 772 522 in
794 466 874 522 oculo
889 468 950 541 quis
966 484 1076 541 percus·

99 568 148 606 sus
164 551 210 606 sit.
245 543 336 623 ¹parvi
350 555 440 606 autem
456 549 556 621 reiert,
578 557 671 606 utrum
690 550 874 624 patrifamilias
894 568 927 606 au
943 549 1074 608 filiofami-

36 641 37 646 ’
99 636 149 690 lias
166 634 227 690 talis
243 634 339 690 iniuria
354 633 423 690 lacta
438 636 488 707 sitr
510 645 570 690 narn
591 641 619 692 et
639 635 705 691 baec
719 642 798 692 atrox
819 634 1011 692 aestimabitur.
1046 635 1075 692 ln
1096 643 1127 690 10

99 735 206 776 summa
227 717 367 774 sciendum
387 726 445 790 est,
467 718 500 774 de
521 721 594 774 omni
614 720 711 775 iniuria
733 735 810 792 eum,
839 720 886 793 qui
905 737 1000 792 passus
1022 727 1075 790 est,

100 819 183 878 posse
198 803 242 860 vel
257 802 430 858 criminaliter
445 819 526 877 agore
541 804 584 858 vel
598 803 721 860 civiliter.
735 829 739 836 ·
753 811 781 860 et
800 804 825 860 si
840 803 948 877 quidem
963 805 1076 860 civiliter

98 897 210 963 agatur,
225 888 412 944 aestimatione
433 887 503 944 iacta
522 887 671 944 secundum
693 888 767 962 quod
788 887 889 946 dictum
910 895 968 959 est,
989 905 1076 962 poena

99 973 262 1047 imponitur.
293 971 334 1027 sin
350 979 439 1028 autem
450 973 633 1044 criminaliter,
649 972 739 1030 cilicio
755 973 849 1030 iudicis
865 972 1077 1030 extraordinaria

100 1051 190 1131 poena
206 1073 254 1112 reo
269 1057 422 1130 irrogatur:
438 1057 491 1114 boc
505 1057 631 1114 videlicet
642 1057 819 1127 observando,
836 1056 909 1132 quod
924 1058 1076 1114 Zenoniana

99 1134 284 1198 constitutiu²
298 1141 465 1212 introduxit,
482 1149 514 1198 ut
528 1143 578 1198 viri
591 1142 713 1200 illustres
730 1144 832 1216 quique
843 1157 924 1216 supra
937 1159 984 1198 cos
1000 1148 1075 1212 suut,

101 1234 132 1282 et
155 1243 203 1300 per
224 1232 415 1300 procuratores
436 1228 543 1300 possint
563 1229 696 1284 actionem
719 1228 876 1284 iniuriarum
903 1226 1076 1284 criminaliter

105 1311 147 1366 vel
162 1311 290 1384 persequi
305 1309 347 1366 vel
363 1312 500 1384 suscipere
515 1311 663 1368 secundum
678 1314 735 1368 eius
751 1320 893 1382 tenorem,
909 1313 956 1384 qui
971 1327 1004 1367 er
1019 1313 1076 1384 ipsa

102 1393 271 1450 manifestius
287 1401 406 1468 apparet.
438 1388 516 1450 ³llon
531 1395 619 1452 solum
634 1404 725 1452 autem
745 1399 768 1452 is
783 1397 940 1452 iniuriarum
955 1403 1075 1465 tenetur,
1095 1395 1124 1440 11

99 1481 149 1552 qui
170 1478 236 1534 ierit
254 1479 395 1550 iniuriam,
416 1480 469 1535 hoc
489 1487 532 1534 est
552 1481 598 1553 qui
618 1483 766 1554 percussit:
788 1497 881 1536 verum
900 1479 945 1536 ille
967 1495 1076 1552 quoque

98 1563 297 1634 continebitur,
313 1565 360 1636 qni
375 1563 438 1619 dolo
455 1563 519 1619 iecit
534 1564 576 1620 vel
592 1566 639 1638 qui
653 1566 772 1636 curavit,
794 1572 825 1620 ut
840 1566 882 1620 cui
898 1563 966 1619 mala
981 1579 1075 1637 pugno

100 1653 304 1722 percuteretur.
340 1647 411 1704 Haec
431 1650 501 1704 actio
522 1648 736 1706 dissimulatione
758 1649 896 1706 aboletur:
917 1656 945 1704 et
959 1648 1038 1720 ideo,
1054 1649 1076 1702 si
1097 1646 1125 1694 12

98 1734 165 1806 quis
185 1733 308 1788 iniuriam
329 1731 519 1806 dereliquerit,
541 1734 595 1790 hoc
615 1741 658 1790 est
677 1736 767 1790 statim
788 1749 883 1808 passus
904 1733 937 1790 ad
958 1735 1076 1788 animum

97 1833 183 1874 suum
198 1833 254 1873 non
268 1819 444 1887 revocaverit,
460 1826 555 1892 postea
570 1835 602 1874 ex
617 1821 784 1892 poenitentia
799 1820 936 1876 remissam
952 1819 1075 1874 iniuriam

98 1918 158 1958 non
174 1903 277 1975 poterit
291 1902 422 1966 recolere.

540 2097 597 2139 nrn.
611 2081 638 2138 i.
653 2093 654 2098 ’

136 2202 188 2252 nn
208 2199 533 2278 onnrcnrronrnus
560 2199 659 2264 quse
679 2200 789 2263 quaer
806 2200 855 2250 nx
873 2197 1040 2248 nsnrcro

477 2283 708 2352 nessusque.

168 2402 216 2464 ‘¹Si
230 2407 311 2463 iudea
325 2407 401 2464 litem
415 2425 490 2464 suam
506 2407 612 2479 iecerit,
627 2423 682 2463 non
694 2408 804 2481 proprie
820 2423 852 2462 ea
864 2403 994 2462 maleficio
1006 2403 1073 2460 obli·
1091 2418 1126 2458 rx.

98 2502 187 2569 gatus
207 2491 322 2548 videtur.
363 2493 411 2548 sed
433 2494 494 2566 quia
515 2509 604 2566 neque
625 2509 657 2548 en
678 2498 819 2548 contractu
834 2490 970 2565 obligatos
991 2497 1033 2546 est
1048 2497 1075 2546 et

100 2580 201 2652 utique
220 2593 347 2651 peccasse
369 2576 470 2650 aliquid
491 2577 679 2652 intellegitur,
699 2577 763 2633 licet
783 2593 832 2650 per
852 2575 1074 2648 imprudentiam:

98 2663 165 2718 ideo
181 2662 288 2717 videtur
303 2662 379 2734 quasi
393 2677 425 2716 ex
440 2659 571 2718 maleficio
587 2661 689 2732 teneri,
711 2662 780 2716 etin
796 2666 925 2733 quantum
946 2657 980 2713 de
1001 2675 1032 2714 ea
1046 2674 1076 2712 re

100 2763 220 2820 aequum
236 2745 364 2819 religioni
379 2745 520 2801 iudicantis
535 2743 680 2813 videbitur,
695 2761 809 2818 poenam
825 2741 978 2799 sustinebit.
1009 2741 1076 2796 Item
1096 2751 1108 2798 1
1201 2739 1203 2818 J

100 2833 136 2900 is,
154 2848 187 2886 en
209 2831 286 2886 cuius
306 2829 453 2885 coenaculo
475 2831 517 2886 vel
536 2831 648 2904 proprio
669 2830 754 2902 ipsius
775 2829 817 2884 vel
839 2827 975 2884 conducto
991 2826 1032 2882 vel
1047 2827 1076 2882 iu
1201 2829 1202 2855 ¹

102 2932 160 2989 quo
182 2915 267 2990 gratis
289 2913 439 2985 habitabat,
462 2913 595 2970 deiectum
616 2913 763 2969 ellusumve
784 2911 884 2987 aliquid
905 2919 962 2982 est,
988 2913 1025 2967 ita
1047 2918 1077 2966 ut

175 3161 194 3229 ¹)
213 3184 247 3205 =
266 3165 299 3213 L.
317 3166 342 3215 9.
361 3164 384 3224 ξ.
405 3165 429 3211 2.
448 3165 481 3214 D.
500 3165 531 3213 de
550 3165 627 3212 lnior.
647 3163 697 3222 (ta.
717 3161 759 3222 10)
778 3179 813 3212 ccc
828 3163 886 3226 dltp.
905 3164 920 3210 l.
935 3164 966 3212 57
981 3163 1017 3210 od
1033 3163 1076 3210 ed.

101 3229 124 3294 2)
144 3231 177 3281 L.
198 3233 238 3280 11.
258 3231 286 3280 0.
305 3233 337 3280 dc
354 3232 430 3281 intur.
450 3229 486 3297 (a,
506 3229 559 3292 35).
646 3229 666 3292 ³)
685 3231 725 3291 §b
746 3231 786 3279 11.
807 3231 846 3278 12.
864 3230 923 3292 sere
941 3247 974 3270 ==
992 3229 1025 3280 L.
1045 3230 1075 3276 11

102 3315 145 3363 pr.
163 3299 187 3360 ξ.
208 3301 231 3351 1.
251 3299 285 3349 D.
297 3301 329 3348 de
347 3301 422 3349 intur.
442 3298 495 3363 (di,
515 3295 556 3360 10)
575 3313 610 3348 ex
629 3297 688 3362 Uip.
708 3300 723 3348 l.
744 3299 776 3347 tt
795 3299 830 3347 ud
847 3299 888 3346 cd.
923 3293 945 3360 ⁴)
964 3311 1005 3360 pr.
1024 3297 1076 3357 §.1

103 3367 160 3417 init.
178 3367 238 3430 fere
255 3387 290 3408 -ε
306 3365 338 3417 L.
358 3368 382 3417 b.
401 3367 441 3428 ἃς,
460 3369 485 3417 4.
505 3369 528 3416 5.
550 3367 581 3416 D.
599 3367 634 3416 de
650 3365 698 3416 obl.
717 3373 742 3416 ct
760 3371 812 3414 oct.
833 3361 885 3431 (44,
899 3361 925 3426 i)
946 3364 980 3414 L.
999 3364 1024 3417 6.
1043 3365 1077 3414 D.

103 3435 137 3484 de
155 3435 291 3487 eoenoord.
310 3450 382 3501 ropn.
402 3436 453 3499 (50,
472 3431 523 3497 te).
