2486 3916
160 187 201 242 vl
573 201 744 238 rssnrsrro.

164 328 266 386 calamo
287 327 423 402 exceperit
443 333 595 402 posteaque
617 326 776 402 vulgaverit.
829 326 901 395 Quae
922 329 945 384 si
967 343 1062 402 reapse
1084 345 1132 402 pa·

163 413 300 486 rephresis
322 413 401 486 origo
430 411 544 484 luisset,
571 411 688 468 multum
711 411 745 468 de
765 409 818 468 fide
839 419 867 468 et
888 413 1135 470 auctoritateeius

161 497 361 555 detraheretur.
384 497 512 552 Attamen
524 493 653 552 credibile
668 513 724 554 nou
740 505 790 566 est,
807 512 876 570 opus
893 495 1132 554 temmlehomtum

161 581 419 656 climatumquenso
429 579 574 654 ulleporte
584 577 854 638 tumultuariumrlr'oc
866 580 948 636 modo
963 587 1054 636 ortum
1063 597 1134 638 esset

161 665 290 737 Acceditp
299 665 849 739 quodcum·novusstudiomnnordoer
860 681 883 720 e.
896 664 1135 722 demrmeDlllllllV

162 751 310 824 occiperet,
326 750 475 824 multisque
486 748 520 805 de
535 749 674 822 cnusisldo
687 749 787 824 quihus
795 748 849 805 ¹vid.
858 747 1135 823 Reitciusihpreetotu

168 834 201 890 ad
216 834 399 910 edel'heopln·
413 833 434 890 Ι.
449 853 477 908 p.
486 830 574 910 XXVI)
589 835 764 892 stetucndum
773 836 828 906 sit,
844 833 1025 908 pmnphresin
1035 833 1132 892 eodem
1166 867 1168 870 ·

160 917 1134 993 nnnoaemtesemmdemCodiciseditionompuhlicutumesse,ouiusadeo

163 1005 190 1060 in
201 1002 533 1075 iussneurutiouemonst.
540 1001 704 1062 Cordinohis
711 1003 738 1074 S.
748 1002 776 1075 2)
785 1002 929 1076 Theophili
936 1001 1136 1074 nulluumpllus

162 1089 264 1144 mentio
281 1085 328 1160 fit,
344 1087 568 1162 eiusmodi-origo
579 1088 743 1160 pncneipsis
756 1087 886 1160 temporis
902 1086 1037 1159 angustiis
1051 1099 1130 1160 pree·

160 1171 291 1228 cluditur.
322 1171 466 1228 lidiuerso
481 1169 658 1228 dubitandum
678 1188 734 1227 non
757 1179 814 1244 est,
834 1171 924 1244 ipsum
939 1169 1128 1242 lucinianum,

161 1257 184 1311 si
201 1257 259 1312 eius
281 1264 370 1312 estote
391 1264 418 1313 et
439 1256 600 1312 auctoritate
622 1254 666 1328 (ut
679 1255 828 1311 Matthaeus
843 1253 1130 1325 Blosterestestetur)

161 1340 228 1396 odeo
244 1340 354 1415 Digesto
369 1348 397 1398 et
413 1348 528 1415 uterque
546 1339 636 1398 Codex
657 1339 765 1396 brevius
787 1339 830 1396 vel
849 1339 940 1395 letius
952 1339 991 1396 in·
1005 1337 1133 1394 Grueeam

163 1425 285 1499 linguam
300 1425 430 1482 currulem
443 1433 527 1498 sunt,
548 1425 634 1482 multo
657 1425 742 1499 magis
764 1431 792 1480 et
811 1425 887 1498 prius
904 1421 1134 1478 delnstltutionl·

165 1507 312 1567 husidem
329 1526 454 1566 cnressee
482 1509 564 1568 modo
581 1517 621 1566 ntv
633 1507 946 1582 enouminterpretntio,
969 1507 1049 1562 sicuti
1071 1504 1133 1560 libri

163 1593 459 1668 indolespostuluhum
476 1593 700 1668 magistratuum
715 1593 827 1648 modum
838 1591 931 1662 fieret,
948 1591 1001 1646 hoe
1016 1595 1058 1645 est
1073 1597 1145 1644 tem·

164 1679 287 1751 quamsi
307 1677 579 1752 solitooompoueac
599 1677 884 1733 moro=lustitutiones
908 1673 939 1730 eh
961 1683 1134 1730 antecessore

164 1761 337 1836 explicandae
358 1769 459 1818 essent.
510 1761 589 1820 Certe
616 1763 686 1816 hono
704 1761 819 1816 formem
840 1768 928 1816 servat
948 1758 1132 1832 paraphrasis,

164 1854 194 1902 ut
209 1854 237 1902 et
251 1851 310 1902 tote
325 1847 384 1902 eius
399 1848 469 1902 ratio
485 1855 513 1902 et
528 1845 635 1921 singule
646 1845 785 1918 'quaedum
800 1843 967 1914 ostenduet,
983 1843 1059 1898 velut
1073 1841 1132 1913 illa,

163 1945 231 2003 quae
247 1929 281 1986 de
296 1929 455 2004 quibusdem
470 1929 719 2004 postea-discipulis
737 1928 937 1999 tradendis-IV,
955 1927 992 1998 6,
1010 1926 1065 1984 20.
1079 1926 1130 1997 11,
1240 1989 1241 1992 Ἴ

164 2013 192 2072 3.
211 2015 266 2087 133·
278 2015 306 2072 6.
325 2015 376 2087 17,
392 2014 421 2070 2.
443 2014 579 2072 dicuntur.
615 2013 660 2070 Sic
679 2031 743 2070 vero
764 2013 932 2087 Theophilus
953 2011 1132 2085 paraphrasin

163 2115 256 2171 suum3
273 2101 377 2156 etiamsi
392 2116 461 2172 comp
478 2108 508 2156 ut
523 2099 638 2156 celerius
647 2099 731 2172 plura
746 2097 1133 2172 exemplariuspargerentur,

163 2185 309 2258 discipulis
319 2201 430 2259 quoque
444 2177 606 2256 dictaverit,
628 2185 681 2240 ium
700 2191 762 2240 ente
784 2199 870 2256 quam
884 2183 960 2255 ipsae
979 2180 1135 2246 Institutio-

164 2285 213 2324 nes
227 2268 447 2341 publicarentur,
468 2277 599 2342 tunquam·
616 2267 731 2324 alterum
748 2283 840 2323 eorum
861 2264 1014 2338 enemplum
1029 2259 1133 2338 pariter

164 2351 298 2410 edendum
314 2353 399 2424 ipsius
414 2353 583 2425 imperatoris
589 2367 730 2408 consensu
745 2347 1068 2408 coniecissocredendus-
1079 2355 1133 2418 est,

164 2437 334 2510 qunrotione
350 2434 571 2492 etiemziueillime
585 2435 770 2510 intellegitur,
792 2432 1019 2507 quomadmodum
1035 2431 1132 2488 titulus

165 2520 199 2576 de
213 2521 315 2576 iustitia
331 2527 359 2576 et
373 2521 432 2576 iure
453 2521 481 2576 in
497 2535 526 2576 ea
547 2519 694 2576 desiderari
714 2520 817 2592 possit:
847 2517 950 2574 scilicet
969 2525 1073 2591 posteo
1086 2515 1133 2571 de-

74 2649 76 2653 .
165 2620 254 2676 mum,
272 2620 356 2677 quum
371 2612 461 2660 totum
476 2619 547 2678 opus
566 2603 782 2676 iamperleetum
798 2602 950 2674 videretur,
972 2610 1002 2660 et
1015 2601 1132 2657 fortusse

166 2687 234 2744 clam
249 2687 402 2761 'lheophilo
418 2688 460 2744 vel
476 2687 666 2744 etiem-morbo
681 2689 733 2744 ium
748 2685 960 2760 correptomem
975 2685 1133 2742 intrahunt:

166 2771 338 2829 annum-eliis
354 2771 388 2828 de
403 2774 491 2828 causis
506 2773 561 2828 vitu
575 2771 722 2842 defunctus
731 2769 863 2844 creditur)
876 2771 951 2828 brevi
966 2778 1039 2841 ente,
1052 2785 1131 2842 quem

165 2855 366 2930 publicaretur,
382 2855 519 2930 praefixus
536 2863 587 2912 ost.

229 2939 282 2998 Sed
297 2941 351 2996 hoc
365 2941 417 2996 iem
430 2941 507 2996 aliam
519 2942 770 3014 quaestionemnon
786 2942 874 2996 minus
890 2939 922 2994 nd
938 2955 995 2995 rem
1010 2943 1132 2992 nostram

166 3026 347 3100 pertinentem
372 3031 493 3097 spectat,
520 3039 599 3098 quam
624 3025 657 3080 de
683 3025 800 3099 Digestis
827 3025 928 3079 maiore
954 3039 1015 3079 eum
1040 3021 1132 3076 studio

167 3125 246 3182 quem
262 3109 352 3164 lruotu
367 3110 495 3184 agitatam
516 3110 607 3164 mirari
627 3109 706 3182 licet,
728 3126 742 3164 a
763 3109 869 3166 nemine
890 3107 955 3164 dum
970 3107 1003 3163 ed
1019 3106 1131 3162 institu-

165 3194 270 3263 tiones,
287 3209 440 3266 quenquam
454 3191 491 3249 ihi
506 3193 721 3250 fructuosIorem
736 3193 871 3262 suturam,
889 3192 1045 3248 translatum
1060 3205 1131 3261 esse,

166 3277 293 3354 videlicet
306 3278 335 3332 in
350 3277 391 3333 his
407 3279 474 3353 ipsis
490 3277 684 3352 componendis
698 3278 807 3334 tresviri
827 3277 882 3348 illi,
905 3276 1003 3350 quihus
1019 3277 1072 3332 hoo
1085 3289 1133 3330 ne·

168 3361 275 3436 gotium
295 3361 387 3418 datum
408 3369 482 3434 erno,
505 3361 730 3436 quemadmodum
749 3363 866 3418 inter'se
883 3361 982 3417 versuti
996 3363 1059 3417 sint.
1105 3357 1145 3414 Si·

165 3462 201 3502 ει
217 3448 275 3521 ipse
290 3462 320 3502 ro
336 3445 455 3504 divinare
470 3447 546 3521 licet,
562 3449 734 3522 inpromptu
755 3447 807 3504 erit
822 3447 980 3521 responsio:
1002 3443 1133 3502 delibem·
