2464 3916
179 209 241 274 144
457 223 494 259 on
514 223 666 260 socrernrs
685 207 734 270 ΙΙΙ,
753 207 786 257 25
804 202 868 272 (ιθ).

177 386 237 426 nem
258 367 389 424 contrahi.
436 364 534 439 quodsi
554 382 633 421 suum
653 381 747 422 aurum
768 363 854 420 'littus
877 361 996 433 dederit,
1023 362 1146 418 mercede

177 470 227 528 pro
248 467 329 526 opera
350 451 514 522 constituta,
540 449 651 506 dubium
672 466 726 506 non
749 455 806 520 est,
833 449 897 522 quin
918 447 1015 504 locatio
1038 455 1064 502 et
1083 464 1147 504 oon·

177 538 268 592 ductio
283 537 329 592 sit.

144 635 160 684 5
241 619 397 676 traductor
418 620 507 678 omnia
522 618 669 674 secundum
690 618 780 692 legem
794 617 982 674 conductionis
998 616 1087 674 lacere
1103 617 1147 673 de·

178 705 223 762 bet
244 711 286 776 et,
312 705 336 760 si
361 704 426 778 quid
452 705 479 760 in
499 703 561 778 lege
582 705 801 777 praetermissum
823 702 920 773 luerit,
941 701 968 757 id
984 719 1016 758 ex
1032 701 1106 758 hono
1121 710 1146 757 et

178 805 264 864 aequo
285 789 366 846 debet
386 795 548 862 praestare..
579 789 625 862 qui
646 803 697 862 pro
719 804 771 844 usu
790 795 837 844 aut
857 788 1082 844 vestimentorum
1104 795 1146 842 ant

176 875 282 949 argenti
304 881 350 930 aut
370 874 484 929 iumenti
505 872 657 930 mercedem
677 879 723 928 aut
744 871 817 928 dedit
838 880 884 928 aut
903 872 1043 946 promisit,
1066 870 1146 928 abeo

177 959 299 1016 custodia
315 959 375 1014 talis
391 956 576 1029 desideratur,
598 957 703 1030 qualem
719 957 943 1032 diligentissimus
958 955 1146 1030 paterfamilias

176 1045 231 1100 suis
248 1042 328 1099 rebus
350 1041 467 1099 adhibet.
514 1043 635 1116 quamsi
656 1043 822 1115 praestiterit
842 1049 870 1098 et
890 1041 981 1114 aliquo
1004 1057 1070 1096 casu
1092 1057 1146 1096 rem

143 1138 158 1187 6
176 1129 310 1200 amiserit,
332 1128 365 1183 dc
381 1127 546 1183 restituenda
563 1143 592 1182 ea
608 1143 663 1182 non
680 1126 823 1182 tenebitur.
858 1124 966 1182 llortuo
982 1125 1147 1182 conductore

176 1215 246 1268 intra
266 1222 388 1286 tempora
410 1211 614 1283 conductionis,
641 1212 720 1268 heres
742 1213 800 1266 eius
827 1210 923 1266 eodem
949 1212 1007 1266 iure
1034 1213 1063 1266 in
1084 1227 1148 1266 con·

177 1297 331 1354 diletionem
347 1296 477 1354 succedit.

532 1491 589 1534 um
601 1493 668 1534 XXV
688 1493 791 1542 (xxm.

521 1597 571 1646 DE
590 1595 805 1647 socluunuu.

124 1736 159 1778 rr.
241 1711 423 1774 ¹Sooietatem
445 1720 518 1774 coire
543 1719 663 1774 solemus
684 1728 730 1776 aut
752 1727 871 1776 totorum
892 1719 1042 1792 bonorum,
1070 1735 1148 1792 quam

176 1802 269 1858 Graeci
290 1802 442 1876 specialiter
462 1799 673 1878 κοινοπραξίθν
693 1804 844 1878 appellant,
867 1811 913 1860 aut
933 1805 1014 1860 uarius
1036 1803 1147 1860 alicuius

176 1887 385 1960 negotiationis,
412 1886 495 1942 veluti
520 1889 714 1961 mancipiorum
736 1889 911 1946 emendorum
933 1888 1146 1944 vendendorum·

144 1986 157 2033 1
177 1987 244 2044 que,
261 1979 306 2028 aut
322 1971 389 2044 olei,
407 1973 475 2043 vini,
492 1971 621 2030 frumenti
635 1973 741 2029 emendi
756 1973 952 2047 vendendique.
990 1973 1024 2030 Et
1040 1972 1147 2047 quidem

175 2057 198 2111 si
223 2057 290 2112 nilril
314 2055 348 2112 de
374 2055 494 2131 partibus
521 2056 589 2112 lucri
619 2065 646 2114 et
675 2057 764 2114 damni
793 2059 950 2114 nominatim
979 2058 1148 2128 convenerit,

176 2141 301 2215 aequales
321 2142 425 2198 scilicet
449 2149 539 2215 partes
560 2149 587 2198 ct
610 2143 637 2198 in
657 2141 734 2198 lucro
756 2144 831 2198 etin
857 2142 954 2200 damno
979 2150 1148 2217 spectantur.

176 2225 274 2300 quodsi
293 2243 436 2300 expressae
457 2226 560 2283 luerint
581 2235 685 2300 partes,
701 2227 751 2283 hae
766 2228 867 2283 servari
882 2227 994 2284 debent:
1011 2244 1063 2284 nec
1078 2229 1148 2284 enim

175 2328 302 2384 umquam
323 2309 434 2366 dubium
455 2309 522 2383 tuit,
544 2312 609 2385 quin
625 2311 710 2368 valeat
731 2314 892 2384 conventio,
914 2313 936 2369 si
959 2313 1014 2370 duo
1031 2313 1148 2368 intense

175 2397 246 2468 pacti
262 2403 341 2466 sunt,
363 2403 394 2450 ut
409 2395 441 2450 ad
464 2412 549 2450 unum
569 2395 676 2468 quidem
692 2395 760 2452 duae
781 2405 872 2470 partes
888 2405 915 2453 at
932 2397 1022 2454 damni
1037 2404 1065 2453 et
1079 2397 1149 2452 lucri

142 2493 157 2542 2
175 2480 338 2552 pertineant,
354 2478 386 2534 ad
402 2478 483 2534 alium
500 2481 586 2535 tertia.
618 2479 653 2536 lle
668 2480 712 2536 illa
727 2497 791 2538 sane
802 2483 982 2538 conventione
994 2483 1148 2556 quaesitum

175 2571 232 2634 est,
254 2563 277 2618 si
293 2563 379 2618 Titius
400 2570 428 2618 et
443 2561 520 2618 Seius
540 2565 613 2620 inter
634 2581 663 2621 se
683 2567 754 2640 pacti
770 2574 848 2637 sunt,
872 2577 901 2622 ut
915 2565 948 2622 ad
964 2567 1064 2623 Titium
1079 2566 1149 2622 lucri

174 2648 242 2704 duae
257 2655 347 2721 partes
368 2648 536 2722 pertineant,
562 2648 650 2706 damni
675 2651 769 2720 tertia,
795 2650 829 2706 ad
849 2651 940 2708 Seium
961 2651 1030 2706 duae
1056 2638 1148 2725 partes

174 2732 277 2802 damni,
300 2733 367 2790 lucri
390 2733 483 2804 tertia,
505 2741 614 2789 aurata
636 2733 716 2790 debet
732 2734 823 2791 haberi
838 2736 1000 2792 conventio?
1031 2734 1148 2803 Quintus

174 2817 276 2872 llucius
297 2825 391 2874 contra
410 2823 532 2872 naturam
553 2819 690 2876 societatis
710 2819 789 2876 talem
811 2821 963 2894 pactionem
977 2836 1038 2876 esse
1054 2821 1149 2876 existi·

175 2903 254 2956 mavit
272 2910 299 2957 et
315 2901 349 2958 ob
370 2901 398 2958 id
417 2919 473 2958 non
494 2919 553 2958 esse
569 2911 651 2959 ratam
673 2903 830 2964 habendam.
876 2904 984 2963 Servius
1000 2905 1148 2978 Sulpicius,

174 2986 250 3040 cuius
272 2988 405 3041 sententia
426 2987 589 3060 praevaluit,
610 2997 706 3044 contra
725 2990 824 3062 sentit,
846 2991 908 3062 quia
923 3005 1004 3064 saepe
1026 3006 1148 3064 quorun·

174 3069 234 3124 dam
250 3069 286 3124 ita
306 3071 426 3143 pretiosa
441 3079 482 3130 cst
503 3089 585 3147 opera
600 3075 627 3129 in
641 3074 787 3144 societate,
809 3081 838 3129 ut
854 3090 901 3129 eos
922 3075 1026 3130 iustum
1041 3077 1076 3130 sit
1090 3090 1148 3129 me-

174 3153 242 3210 liore
257 3153 416 3210 condicione
434 3157 462 3212 in
482 3159 639 3214 societatem
660 3157 777 3214 admitti:
799 3175 859 3214 nam
881 3166 908 3214 et
922 3159 959 3214 ita
974 3161 1041 3215 coiri
1062 3175 1147 3234 posse

173 3240 330 3294 societatem
350 3255 405 3296 non
427 3239 578 3313 dubitatur,
607 3250 637 3298 ut
657 3242 726 3298 alter
751 3244 890 3316 pecuniam
912 3243 1051 3316 conferat,
1076 3243 1148 3299 ulter

174 3337 229 3376 non
250 3323 375 3380 conferat
397 3332 424 3380 et
451 3333 540 3380 tamen
564 3325 668 3382 lucrum
685 3328 756 3383 inter
776 3343 822 3382 eos
844 3343 987 3384 commune
1007 3331 1058 3400 sit,
1082 3329 1147 3400 quia

175 3445 377 3458 *ha——

244 3501 263 3566 ¹)
284 3506 340 3558 Gai.
359 3509 382 3565 3,
404 3507 451 3558 148
469 3513 527 3556 mut.
