2486 3916
309 261 345 295 nn
365 259 499 296 nrnrrsns
518 261 702 298 nnsrsrsunro
721 249 758 309 11,
778 252 818 300 11.
1005 248 1047 316 63
1146 233 1151 242 ⁸

509 429 566 472 orn.
580 431 622 472 x1.

308 529 358 584 nr:
377 530 548 586 MILITARI
565 533 823 588 TESTAMENTO.

142 651 247 732 ¹Snpra
267 657 338 714 dieta
354 655 470 732 diligens
486 657 639 714 obseruatio
658 659 687 714 iu
703 657 857 715 ordinandis
877 663 1047 718 testamentis
1064 683 1099 723 er.

72 742 206 800 militibus
222 749 335 817 propter
346 743 453 798 nimiam
469 743 629 816 imperitiam
639 743 880 802 conmItnttoribns
895 746 1098 836 principaii-

71 827 124 884 bus
147 829 262 883 remissa
282 833 334 884 est.
369 841 431 882 nam
453 818 572 900 quamvis
594 828 622 883 bl
636 841 725 900 neque
740 827 892 902 legitimum
906 843 1049 886 nnmerum
1151 893 1159 912 ⁶

71 913 188 968 testium
204 911 375 968 adhibuerint
394 925 484 985 neque
503 911 581 967 allam
597 917 823 968 testamentorum
838 913 1049 970 sollemnitatem

72 997 296 1068 observaverint,
316 1003 392 1052 reete
411 995 496 1052 nihilo
517 998 606 1052 minus
627 1003 778 1068 tentantur,
799 999 924 1055 videlieet
945 1013 1006 1058 oum
1020 1000 1048 1054 in

71 1079 293 1156 expeditionibus
309 1082 432 1154 oeenpati
447 1087 525 1136 sunt:
547 1081 621 1155 quod
641 1081 738 1138 merito
759 1091 853 1138 nostre
867 1077 1049 1140 constitutio²

70 1165 190 1222 induxit
216 1181 329 1240 quoquo
340 1167 412 1222 eninr
423 1165 504 1222 modo
519 1166 646 1222 voluntas
662 1168 719 1222 eins
735 1181 861 1241 suprema
875 1169 932 1224 sive
948 1169 1049 1242 seripta

70 1251 231 1306 inveniatur
245 1252 301 1306 slve
316 1251 375 1306 sine
389 1249 538 1324 scriptura,
562 1251 633 1307 valet
653 1258 845 1308 testamentum
861 1267 894 1308 er
908 1253 1048 1309 voluntate

71 1337 146 1390 eins.
176 1335 232 1390 illis
246 1343 336 1391 autem
351 1333 533 1408 temporibus,
552 1351 603 1410 per
618 1349 686 1409 quae
701 1337 768 1391 eitra
782 1337 986 1410 expeditionum
1000 1353 1048 1393 ne·

72 1421 230 1476 cessitatem
249 1419 277 1476 in
292 1419 350 1475 aliis
362 1419 430 1476 loeis
445 1419 488 1475 vel
502 1421 530 1475 in
545 1421 602 1475 suis
618 1412 748 1476 sedibns³
762 1421 878 1494 degunt,
890 1423 1000 1477 minime
1015 1421 1048 1476 ad

72 1503 266 1561 vindicandum
285 1501 340 1560 tale
360 1503 532 1578 privilegium
550 1503 726 1560 adiuvantur:
748 1505 796 1560 sed
818 1507 912 1562 testari
928 1505 1046 1578 quidem,

72 1597 101 1646 et
122 1590 148 1644 si
169 1587 331 1646 filiifamilias
352 1596 430 1658 sunt,
453 1596 566 1662 propter
581 1589 702 1644 militiam
715 1589 915 1660 conceduntur,
935 1590 995 1646 inre
1010 1596 1049 1644 ia·

72 1691 138 1730 men
159 1674 311 1744 communi,
339 1689 369 1729 ea
390 1669 579 1730 observatione
600 1681 629 1729 et
648 1675 676 1729 in
697 1687 792 1730 eornm
811 1676 984 1730 testamentis
1003 1673 1049 1729 ad·

73 1756 210 1829 bibenda,
233 1773 311 1832 quam
326 1767 355 1814 et
368 1759 397 1813 in
412 1759 586 1814 testamentis·
600 1771 769 1832 paganorum
783 1760 906 1833 proxime
921 1759 1049 1833 exposui·

72 1858 145 1900 mus.
193 1837 295 1900 *rime
315 1842 349 1899 de
368 1839 485 1898 minium
504 1844 673 1900 testamentis
694 1843 771 1900 etrus
793 1843 922 1900 troianos
942 1843 1082 1901 statilio1

73 1929 179 1986 Severo
194 1930 231 1984 lta
245 1928 399 2002 resumpsit:
420 1923 462 1982 ‘ie
476 1928 658 2002 privilegium,
675 1928 749 2002 qnod
764 1928 940 1985 militantibus
956 1929 1049 1985 dotum

73 2022 133 2086 est,
150 2021 183 2070 ut
198 2012 406 2088 quoquomodo
422 2012 491 2068 faeta
505 2012 538 2068 ab
560 2011 601 2068 his
616 2019 779 2069 testamenta
792 2020 849 2069 rata
863 2015 934 2085 sini,
955 2015 994 2068 sie
1008 2015 1049 2068 in·

71 2099 172 2172 tellegi
193 2097 291 2168 debet,
312 2098 458 2171 ninilque
478 2098 555 2171 prius
576 2104 701 2153 constare
723 2097 834 2168 debeat,
857 2103 1048 2152 testamentum

72 2184 178 2240 laetum
194 2195 270 2254 esse,
290 2182 364 2256 qnod
379 2191 407 2238 et
421 2184 480 2238 sine
495 2182 629 2254 seriptnra
644 2195 660 2236 a
673 2197 730 2236 non
745 2179 923 2236 militantibus
938 2195 1049 2254 quoqne

72 2268 135 2324 fieri
155 2273 258 2342 potest.
279 2267 386 2342 iserge
402 2267 495 2337 mlles,
516 2265 549 2322 de
564 2266 642 2321 errius
661 2264 741 2345 bonis
762 2266 833 2340 apud
850 2272 879 2320 te
900 2265 1051 2338 quaeritur,

73 2353 96 2409 si
112 2353 272 2409 convocatis
284 2351 317 2408 ad
333 2352 387 2408 boe
400 2349 566 2422 bomluibns,
581 2358 613 2406 nt
623 2350 790 2406 voluntatem
804 2365 880 2406 suem
891 2357 1049 2420 testaretur,

72 2440 112 2494 ita
126 2437 240 2494 loetrtus
258 2445 316 2508 est,
338 2444 369 2492 nt
388 2436 552 2507 declararet,
573 2449 653 2510 quem
668 2433 750 2491 vellet
769 2435 820 2491 sibi
841 2450 901 2492 esse
921 2434 1049 2490 heredem

75 2531 102 2579 et
118 2523 164 2580 eui
178 2520 332 2578 libertam
346 2519 482 2593 tribuere,
497 2527 590 2594 potest
604 2517 690 2576 videri
704 2521 763 2576 stne
778 2521 882 2594 scripto
900 2519 953 2576 boe
967 2519 1050 2575 modo

75 2623 136 2664 esse
154 2614 271 2662 testatus
287 2613 314 2662 et
329 2606 454 2662 voluntas
470 2607 528 2661 eins
543 2612 600 2660 rata
614 2603 736 2660 habenda
751 2612 802 2661 est.
833 2605 1003 2675 emeremni,
1019 2611 1050 2658 nt

74 2692 240 2766 plerumque
255 2689 427 2748 sermonibus
442 2688 501 2746 lieri
515 2689 603 2761 solet,
620 2688 687 2745 dixit
702 2689 795 2746 alieni:
818 2703 882 2748 neo
899 2703 939 2744 nn
953 2701 1049 2745 nunu

73 2793 141 2833 nnn
155 2791 253 2834 suero
268 2783 315 2832 aut
329 2791 395 2833 orer
409 2790 493 2834 none
506 2791 572 2832 uun
590 2791 767 2845 summoue,
788 2790 845 2830 non
866 2779 976 2846 oportet
997 2772 1050 2828 boe

14 2857 15 2860 ’
75 2877 126 2934 pro
149 2867 316 2917 testamento
336 2859 484 2916 observari,
519 2875 570 2915 nec
591 2859 710 2914 ullorum
730 2859 815 2932 magis
836 2859 951 2913 interest
969 2872 1050 2930 quam

76 2943 326 3020 ipsorum-quibus
341 2944 368 3001 id
383 2943 556 3018 privilegium
572 2943 665 2999 datum
680 2951 732 3015 est,
748 2941 881 3000 eiusmodi
896 2942 1050 3016 exemplum

77 3045 132 3086 non
149 3027 275 3086 admitti:
295 3029 415 3104 alioquin
430 3043 487 3084 non
502 3027 649 3085 difficulter
663 3035 727 3102 post
742 3036 858 3084 mortem
873 3027 985 3084 alienius
1001 3027 1050 3082 mi·

146 3279 165 3343 ¹)
184 3281 240 3330 inii.
257 3280 316 3340 sere
334 3299 368 3321 =
387 3279 445 3329 Gai.
463 3279 487 3338 2,
507 3279 564 3331 109.
634 3273 710 3341 ²)L
726 3277 766 3327 It
787 3275 816 3328 0.
836 3279 868 3327 de
886 3281 985 3328 testam.
998 3275 1049 3324 mil.

79 3347 110 3410 (6,
129 3346 183 3410 21).
255 3343 276 3410 ³)
293 3350 332 3398 sie
350 3347 375 3396 B
397 3343 511 3411 Theoplt.
530 3348 587 3396 coli
611 3345 701 3409 Vspei.
726 3345 758 3395 de
776 3357 806 3394 re
824 3345 874 3394 mii.
893 3345 923 3406 3,
942 3345 967 3392 4
993 3341 1050 3392 edi·

77 3415 128 3465 bus
151 3415 202 3474 TO,
221 3417 292 3481 quod
307 3416 392 3465 vitium
418 3417 493 3464 etiam
515 3415 649 3478 irrepsit
639 3430 666 3463 m
683 3413 716 3465 L.
735 3413 778 3463 nit.
798 3412 827 3462 0.
847 3413 879 3462 de
895 3411 980 3463 restit.
997 3409 1049 3461 mii

80 3452 220 3546 (2,51)L.
239 3485 285 3535 nit
305 3483 333 3536 C
353 3483 419 3548 quib.
439 3499 464 3531 n.
482 3481 556 3534 odiis.
575 3484 592 3530 i
612 3488 630 3530 ι.
651 3480 684 3544 (7,
704 3479 756 3543 35).
825 3477 1049 3544 )⁴--·I..24D.

79 3551 109 3600 de
126 3553 178 3601 mil
199 3557 297 3601 testam.
318 3550 369 3614 (29,
390 3548 470 3614 ηοω
487 3549 665 3600 Florentinii.
686 3549 718 3596 10
736 3547 815 3598 instit.
