2484 3916
395 197 430 232 on
450 195 541 232 accus
560 196 803 233 rucoaroesnrnrrs
823 182 860 246 ΙΙ,
873 185 897 236 2.
1091 183 1134 250 45

166 342 248 394 missa
264 338 346 394 fuerit
361 340 439 411 isque
455 353 488 392 cx
504 339 546 394 his
561 339 679 412 negotiis
695 356 751 396 rem
772 337 923 396 vendiderit
939 347 966 395 et
982 339 1132 411 tradiderit,

167 423 231 479 facit
257 441 314 479 eam
341 423 505 496 accipientis.
543 423 681 479 Interdum
704 425 785 479 etiam
810 425 868 480 sine
891 423 1037 480 traditione
1062 425 1134 480 nuda
1152 432 1186 480 44

166 508 293 566 voluntas
309 505 411 563 suflicit
426 505 529 562 domini
550 507 582 562 ad
598 525 654 564 rem
677 507 905 580 transferendam,
925 508 1011 564 veluti
1026 509 1050 564 si
1065 525 1132 580 rem,

167 609 248 666 quarn
262 591 311 648 tibi
326 592 422 666 aliquis
438 591 618 648 commodavit
633 591 789 668 autlocavit
804 601 850 648 aut
866 592 936 667 apud
952 600 979 650 te
995 591 1133 666 deposuit,

166 677 318 732 vendiderit
341 675 389 732 tibi
412 682 456 731 aut
478 675 627 732 donaverit.
654 678 775 750 quamvis
799 679 871 734 enim
897 693 929 733 ex
944 693 976 734 ea
991 694 1070 733 causa
1085 676 1134 734 tibi

166 777 223 816 eam
240 760 473 831 contradiderit,
495 777 527 816 eo
549 768 639 816 tamen
653 762 731 835 ipso,
753 761 826 835 quod
847 763 949 836 patitur
969 769 1042 818 tuam
1063 777 1133 833 csse,

166 846 259 900 statim
274 845 429 918 adquiritur
443 843 491 900 tibi
512 847 666 919 proprietas
680 846 794 919 perinde
805 863 846 902 ao
862 847 885 902 si
907 863 940 902 eo
957 847 1066 902 nomine
1081 854 1134 901 tra-

67 1001 73 1005 *
166 929 225 986 dita
236 929 344 986 fuisset.
381 929 448 984 ltem
464 930 487 984 si
508 931 568 1003 quis
589 945 693 1006 merces
714 932 742 986 in
763 931 864 987 horreo
885 930 1022 1004 depositas
1043 929 1134 986 vendi·
1152 927 1185 981 45

166 1014 252 1086 derit,
274 1013 355 1070 simol
377 1020 459 1088 atque
474 1014 561 1070 claves
584 1015 676 1070 horrei
692 1015 833 1072 tradiderit
853 1017 984 1090 emptori,
1005 1013 1134 1071 transfert

165 1100 362 1172 proprietatem
378 1099 508 1154 mercium
529 1097 738 1173 ademptorem.
783 1099 843 1156 Hoc
863 1101 977 1174 amplius
997 1099 1134 1156 interdum
1151 1099 1185 1150 to

165 1190 194 1238 et
209 1184 236 1238 in
250 1185 380 1238 incertam
395 1199 539 1256 personam
554 1183 686 1240 collocata
700 1185 825 1241 voluntas
837 1183 939 1241 domini
952 1184 1080 1240 transfert
1095 1185 1135 1240 rei

166 1269 377 1341 proprietatem:
405 1275 435 1322 ut
451 1283 513 1322 ecce
527 1276 668 1341 praetores
688 1268 732 1324 vel
747 1269 890 1341 consules,
912 1271 958 1343 qui
973 1269 1083 1324 missilia
1097 1270 1133 1324 ia·

165 1359 240 1407 etant
254 1353 282 1408 in
299 1351 413 1426 vulgus,
429 1352 572 1425 ignorant,
589 1352 653 1426 quid
669 1370 763 1410 eorum
780 1355 895 1427 quisque
911 1361 1075 1427 excepturus
1087 1353 1133 1424 sit,

166 1442 312 1507 ettamen,
340 1437 404 1508 quia
430 1435 540 1507 volunt,
567 1436 641 1509 quod
667 1438 782 1510 quisque
805 1438 956 1511 exceperit,
983 1438 1041 1492 eius
1062 1453 1133 1507 essc,
1220 1473 1222 1478 ,

166 1521 258 1576 statim
274 1537 335 1576 curn
351 1519 490 1576 dominum
511 1519 642 1576 efficiunt.
681 1519 738 1588 Qua
758 1523 864 1577 ratione
880 1523 969 1577 verius
986 1536 1046 1576 esse
1061 1521 1134 1576 vide·
1151 1525 1184 1574 47

165 1611 213 1660 tur
239 1613 281 1677 et,
307 1606 331 1660 si
357 1621 415 1660 rem
440 1617 492 1678 pro
507 1605 638 1666 derelicto
659 1605 800 1661 adomino
825 1605 943 1662 habitam
963 1606 1134 1678 occupaverit

166 1691 244 1762 quis,
265 1690 355 1745 statim
374 1705 436 1744 eum
457 1689 595 1746 dominum
610 1687 690 1746 effici.
727 1707 778 1764 pro
801 1691 934 1748 derelicto
950 1697 1039 1746 autem
1054 1688 1134 1745 hahe-

166 1782 228 1844 tur,
256 1772 330 1847 quod
351 1773 477 1830 dominus
499 1790 530 1830 ea
551 1782 641 1830 mente
662 1774 804 1848 abiecerit,
831 1783 862 1831 ut
876 1775 904 1832 id
918 1791 1009 1832 rerum
1024 1789 1133 1830 suarum

166 1875 227 1913 esse
242 1859 345 1930 nollet,
361 1857 477 1932 ideoque
492 1860 582 1914 statim
603 1859 728 1916 dominus
744 1877 804 1916 esse
820 1861 928 1917 desinit.
969 1853 1044 1916 ¹dlia
1055 1875 1134 1915 causa
1151 1863 1184 1912 48

165 1950 208 1998 est
235 1959 326 1999 earum
352 1959 459 2015 rerum,
487 1959 555 2016 quae
581 1945 607 2000 in
634 1951 795 2018 tempestate
821 1947 900 2001 maris
916 1944 1044 2002 levandae
1059 1935 1156 1999 navis*

165 2044 248 2083 causa
262 2029 418 2084 eiciuntur.'
445 2029 494 2083 hae
510 2029 581 2084 enim
596 2028 769 2084 dominorum
783 2038 953 2102 permanent,
970 2030 1032 2102 quia
1046 2027 1132 2102 palam

165 2119 225 2184 est,
251 2129 296 2168 eas
322 2129 377 2168 non
393 2129 425 2168 eo
441 2115 529 2168 animo
546 2113 612 2183 eici,
640 2106 716 2185 quo²
737 2115 796 2186 quis
819 2130 864 2170 eas
880 2113 979 2168 habere
994 2129 1049 2168 non
1064 2113 1132 2182 vult,

165 2196 214 2253 scd
231 2214 286 2271 quo
302 2199 387 2272 magis
404 2213 465 2253 cum
479 2197 538 2270 ipsa
552 2199 612 2252 navi
627 2197 778 2270 periculum
793 2198 873 2252 maris
890 2194 1014 2272 effugiat:
1032 2213 1084 2270 qua
1100 2195 1133 2251 de

165 2298 247 2338 causa
262 2283 287 2337 si
302 2283 362 2355 quis
377 2299 422 2338 eas
438 2281 565 2338 fluctibus
581 2281 707 2356 expulsas
730 2281 771 2338 vel
792 2283 872 2337 ctiam
886 2283 915 2338 in
930 2283 990 2356 ipso
1006 2281 1072 2336 mari
1087 2297 1133 2336 na-

165 2373 228 2422 ctus
243 2366 365 2423 lucrandi
386 2368 474 2422 animo
496 2365 655 2438 abstulerit,
675 2366 779 2422 furtum
800 2368 955 2423 committit.
985 2381 1036 2422 nec
1050 2365 1133 2440 longe

166 2449 306 2507 discedere
321 2451 447 2508 videntur
462 2451 494 2507 ab
509 2452 568 2524 his,
588 2469 656 2528 quae
677 2451 710 2507 de
725 2451 809 2508 rheda
823 2459 967 2524 currente,
982 2467 1037 2508 non
1053 2451 1133 2506 intel·

166 2535 324 2610 legentibus
340 2536 474 2609 dominis,
491 2535 600 2592 cadunt.

521 2749 523 2754 ·
599 2731 657 2774 ΤΠ.
670 2733 701 2774 11.

314 2819 315 2822 ’
349 2863 351 2867 -
382 2835 432 2886 nn
450 2835 568 2888 nanos
587 2834 918 2888 recompensemus.

218 2952 244 2992 ⁰³
256 2957 389 3026 Quaedam
404 2966 544 3032 praeterea
559 2977 604 3015 res
619 2959 776 3034 corporales
793 2967 875 3031 sunt,
898 2957 1028 3032 quaedam
1043 2959 1131 3014 incor-
1149 2976 1184 3016 rr.

166 3045 283 3118 porales.
323 3042 484 3117 Corporales
500 3060 546 3098 cae
562 3052 642 3116 sunt,
658 3061 726 3118 quae
743 3045 785 3100 sui
799 3051 896 3099 natura
911 3045 987 3117 tangi
1002 3049 1132 3117 possunt:
1153 3044 1165 3089 l

167 3129 251 3184 veluti
273 3127 389 3200 fundus,
416 3129 514 3198 homo,
541 3130 640 3200 vestis,
666 3145 775 3199 aurum,
802 3137 946 3202 argentum
968 3135 995 3182 et
1017 3127 1133 3200 denique

166 3213 233 3268 aliae
248 3229 292 3269 res
307 3211 525 3268 innumerabiles,
564 3212 751 3287 Incorporales
766 3219 858 3268 autem
874 3219 952 3284 sunt,
974 3227 1042 3284 quae
1057 3212 1134 3284 tangi
1152 3213 1167 3259 2

235 3409 255 3474 ¹)
271 3412 432 3476 fere=L.
451 3415 475 3466 9.
495 3413 520 3473 ἓ.
538 3415 563 3464 8.
582 3412 615 3464 Ι).
634 3412 691 3462 eod.
779 3409 799 3471 ²)
818 3409 966 3474 quodDip.
1053 3408 1073 3470 ³)
1090 3426 1134 3472 pr.

167 3481 207 3542 ἕξ.
226 3479 345 3534 1-3.=
359 3481 415 3533 Gai.
434 3482 594 3542 2,12...14.
613 3479 645 3529 Ia.
662 3481 685 3529 l.
700 3478 724 3539 ξ.
738 3479 762 3528 1,
781 3479 816 3526 D.
835 3479 867 3528 dc
885 3478 957 3529 diois.
975 3492 1029 3526 rer.
1050 3476 1085 3539 (l,
1098 3475 1133 3538 8).
1151 3497 1153 3502 ·
