2484 3916
93 189 123 224 nn
141 187 272 224 smeunrs
293 187 382 222 suere
401 187 454 221 ren
474 187 720 224 ernsrceuurssuu
739 189 870 224 usnrcrrs
884 173 920 236 ll,
934 176 975 228 24.
1011 172 1052 237 97

31 389 32 392 ,
91 332 161 386 ireres
184 327 297 402 perfidia
319 333 411 383 tentus
432 327 578 401 adimplere
605 327 684 384 iidem
705 337 812 386 recusat
832 331 974 404 regende,
996 349 1052 388 rem

90 417 122 470 ita
135 431 195 470 esse
211 413 398 483 subsecutam,
415 413 437 468 si
453 411 716 468 fideicommissarius
732 415 919 472 iusiurandum
935 417 960 470 ei
975 415 1053 472 detu-

90 499 159 569 lerit,
183 515 244 554 eum
264 498 340 570 prius
362 497 420 569 ipse
442 495 475 552 de
491 496 623 565 calumnia
638 498 781 568 iuraverit,
805 513 915 555 neeesse
931 516 992 556 eum
1008 501 1053 556 ha·

88 582 144 638 here
162 583 203 639 vel
224 580 411 638 iusiurandum
428 579 533 651 subire,
555 581 627 654 quod
648 582 713 638 nihil
735 582 787 638 tale
803 599 817 638 a
834 591 964 640 testatore
979 585 1054 640 audi-

89 669 134 736 vit,
157 667 199 722 vel
220 672 389 724 recusantem
406 665 437 721 ad
459 663 657 722 fideicommissi
679 665 722 722 vel
739 668 919 722 universitatis
936 669 977 724 vel
992 687 1053 742 spe-

87 751 155 806 cialis
174 751 340 806 solutionem
355 751 486 819 coartari,
509 766 543 804 ne
565 749 691 824 depereat
712 750 805 806 ultima
822 751 947 807 voluntas
970 759 1053 810 testa·

90 838 149 892 teris
172 834 236 890 fidei
256 833 363 890 heredis
385 835 536 898 commissa.
580 835 672 890 eadem
693 834 830 891 observari
850 838 1004 892 censuimus
1025 848 1052 893 et

87 922 107 976 si
120 937 133 975 a
148 921 280 994 legatario
289 919 331 974 vel
348 916 595 975 fideicommissario
612 919 712 992 aliquid
727 919 852 976 similiter
866 920 991 977 relietum
1006 924 1050 976 sit.

87 1005 180 1078 quodsi
196 1006 235 1074 is,
251 1021 266 1059 a
281 1019 335 1076 que
351 1003 475 1059 relietum
491 1002 603 1074 dieitur,
620 1002 783 1060 confiteatur
799 1004 907 1077 quidem
924 1005 1022 1078 aliquid
1038 1024 1052 1062 n

87 1106 112 1144 se
126 1089 250 1145 relietum
266 1104 337 1158 esse,
353 1087 400 1143 sed
416 1087 448 1142 ad
464 1087 534 1161 legis
549 1087 725 1144 subtilitatem
741 1088 879 1160 decurrat,
896 1090 1051 1146 orrrnimede

86 1174 221 1247 eugendus
238 1181 279 1228 est
295 1172 411 1228 solvere.

489 1369 546 1409 Tl'l'.
559 1369 644 1409 XXIV.

165 1474 214 1522 DE
234 1471 404 1524 SINGULIS
422 1472 541 1523 REBUS
560 1472 632 1522 PER
649 1471 972 1524 FIDEICOMMISSUM

478 1555 660 1607 RELIOTIS.

147 1673 259 1734 ¹Pntest
274 1687 363 1735 autem
379 1681 439 1752 quis
455 1681 534 1734 etiam
548 1677 669 1753 singulas
685 1695 728 1734 res
750 1695 799 1752 per
813 1678 1050 1738 fideicommissum
1068 1690 1103 1732 Pr.

85 1764 253 1838 relinquere,
270 1764 352 1820 veluti
368 1763 491 1834 fundum,
507 1763 654 1835 hominem,
670 1771 783 1836 vestem,
798 1774 956 1839 argentum,
972 1784 1053 1840 pecu-

31 1871 32 1874 *
86 1850 151 1903 niam
177 1857 358 1920 numeratam,
386 1855 413 1904 et
437 1848 480 1904 vel
505 1849 595 1922 ipsum
621 1849 748 1905 heredem
774 1865 887 1924 rogare,
918 1859 949 1906 ut
975 1852 1053 1908 alieni

86 1934 223 2004 restituat,
244 1932 288 1988 vel
303 1933 479 2008 legatarium,
501 1935 621 2006 quamvis
637 1949 651 1988 a
666 1933 797 2007 legatario
817 1933 903 2008 legari
919 1952 974 1990 nen
990 1954 1052 2010 pns-

85 2018 126 2072 sit.
166 2017 263 2073 Potest
283 2024 372 2073 autem
393 2033 448 2073 nen
468 2017 557 2072 solum
578 2018 701 2090 proprias
717 2025 832 2073 testator
847 2035 891 2074 res
912 2036 962 2092 per
977 2019 1051 2076 fidei·
1072 2027 1083 2074 1

86 2104 256 2158 commissum
277 2101 445 2175 relinquere,
467 2102 514 2157 sed
537 2108 565 2156 et
584 2100 691 2156 heredis
712 2108 764 2156 aut¹
777 2101 901 2174 legatarii
916 2111 962 2158 aut
978 2101 1052 2158 fidei·

31 2243 32 2252 ,
86 2188 258 2261 commissarii
281 2193 327 2242 aut
349 2185 492 2242 cuiuslibet
518 2185 638 2241 alterius.
683 2186 774 2260 itaque
800 2192 828 2241 et
853 2186 999 2261 legatarius
1025 2197 1051 2243 et

31 2263 33 2294 ³
88 2269 344 2328 lideienmmissarius
366 2287 421 2328 nen
442 2270 531 2326 solum
551 2269 585 2326 de
606 2287 636 2325 ea
656 2286 686 2325 re
706 2271 798 2344 rogari
812 2278 920 2344 potest,
943 2281 972 2327 ut
994 2288 1051 2328 eam

31 2371 32 2374 ¹
86 2354 161 2410 alieui
181 2357 325 2427 restituat,
353 2371 421 2430 quae
443 2357 467 2412 ei
488 2355 582 2412 relicta
602 2357 653 2426 sit,
678 2354 827 2412 sedetiam
849 2355 883 2430 de
904 2357 968 2429 alia,
995 2359 1051 2412 sive

31 2455 33 2508 ᾗ
85 2439 167 2510 ipsius
188 2443 244 2496 sive
266 2441 351 2496 aliena
371 2442 416 2496 sit.
460 2441 512 2496 hee
533 2439 622 2496 selum
644 2439 840 2498 observandum
861 2449 918 2512 est,
940 2459 974 2498 ne
990 2442 1051 2520 plus

31 2513 33 2522 ’
85 2525 223 2597 quisquam
243 2531 359 2599 rogetur
378 2524 457 2580 alieni
478 2526 640 2596 restituere,
662 2540 741 2598 quam
762 2526 821 2598 ipse
836 2542 869 2581 ex
889 2534 1051 2582 testamento

31 2601 33 2672 l
85 2609 199 2680 reperit3
220 2609 376 2682 nam'quod
397 2609 510 2683 amplius
532 2616 590 2680 est,
614 2609 747 2664 inutiliter
771 2609 945 2683 relinquitur.
989 2627 1050 2666 cunr
1084 2643 1086 2648 ¹

31 2681 33 2772 ξ
84 2699 173 2748 autem
192 2693 277 2750 aliena
297 2710 340 2750 res
361 2710 410 2767 per
430 2692 665 2750 fideicommissum
685 2693 861 2767 relinquitur,
883 2711 993 2750 neeesse
1009 2703 1052 2750 est

85 2776 126 2845 ei,
141 2779 187 2850 qui
200 2785 312 2852 rogatus
328 2786 386 2849 est,
408 2787 455 2834 aut
468 2779 553 2852 ipsam
566 2777 699 2834 redimere
715 2785 743 2834 et
758 2786 894 2852 praestare
909 2787 955 2834 aut
971 2781 1051 2834 aesti-

85 2861 225 2918 mationem
247 2864 304 2918 eius
320 2863 435 2918 solvere.
473 2857 611 2926 ²Lihertas
627 2879 736 2936 quoque
751 2879 830 2918 servo
851 2864 900 2938 'per
915 2861 1051 2920 fideieem·
1069 2873 1084 2920 2

84 2944 193 3001 missum
213 2947 269 3002 dari
289 2955 397 3022 polest,
425 2957 455 3003 ut
476 2948 554 3004 heres
576 2964 637 3003 eum
665 2955 780 3022 rogetur
801 2949 989 3004 manumittere
1011 2949 1051 3004 vel

84 3025 228 3100 legatarius
243 3031 286 3087 rel
307 3031 580 3088 fideicommissarius.
619 3048 669 3088 nee
683 3033 812 3103 interest,
835 3040 924 3088 utrum
946 3033 979 3088 de
999 3050 1049 3088 sue

85 3116 192 3186 proprie
207 3133 285 3172 servo
301 3123 418 3172 testator
431 3125 528 3192 reget,
550 3134 583 3172 an
599 3117 632 3172 de
648 3134 696 3188 ee,
720 3119 766 3190 qui
780 3117 865 3190 ipsius
881 3117 988 3173 heredis
1004 3127 1050 3172 aut

85 3193 204 3268 legatarii
225 3201 268 3257 vel
289 3203 367 3257 etiam
390 3204 509 3258 extranei
529 3203 574 3258 sit.
611 3203 703 3275 itaque
718 3202 819 3258 alienus
840 3218 934 3257 servus
955 3201 1050 3256 redimi

31 3385 33 3492 ξ
87 3494 94 3509 ⁸
130 3395 176 3516 26¹}
189 3416 241 3518 qq
256 3401 281 3463 s.
301 3405 314 3451 1
336 3402 393 3466 rere
411 3422 444 3442 =
463 3401 520 3454 ear.
538 3401 694 3453 een...ree.
782 3398 802 3460 ²)
820 3419 853 3440 .-
873 3399 928 3452 mr.
952 3400 980 3459 e,
1001 3399 1050 3450 nea

125 3561 281 3603 tremamus
297 3567 526 3608 rusrmrrrorns.
877 3552 894 3608 7
