2486 3916
187 224 229 290 18
496 240 532 275 on
551 239 761 276 moveremus
778 227 802 288 1,
822 227 863 275 11.

197 382 371 456 adoptionem
387 380 471 437 titium
487 381 566 452 iacit,
580 381 661 456 piena
675 381 832 456 pubertate,
846 382 874 438 id
889 391 932 438 est
946 382 1040 438 decem
1057 389 1085 438 et
1101 391 1170 438 octo

163 477 179 526 5
197 469 274 522 aunis
289 466 462 540 praecedere.
492 465 568 522 Licet
587 475 678 522 autem
698 475 726 522 et
746 469 774 521 in
788 467 879 522 locum
893 469 1001 540 nepotis
1016 467 1060 522 vei
1075 469 1171 540 neptis

197 552 239 607 rel
254 553 282 606 io
297 551 388 606 locum
402 552 562 624 pronepotis
584 551 628 608 vel
648 552 789 624 proneptis
810 552 853 607 vel
872 551 1001 626 deinceps
1022 550 1169 624 adoptare,

163 648 179 695 6
198 638 318 709 quamvis
338 633 423 690 tilium
445 637 507 708 quis
527 651 583 691 non
604 634 710 690 habeat.
746 634 779 690 Et
795 643 848 690 tam
869 633 953 692 fitium
968 636 1089 691 alienum
1106 637 1170 708 quis

195 723 224 776 in
245 721 335 776 locum
355 721 463 794 nepotis
483 727 577 793 potest
601 719 746 792 adoptare,
769 737 849 792 quam
875 728 1002 793 nepotem
1023 721 1052 774 in
1073 719 1170 774 locum

163 803 254 860 uniit.
292 804 345 860 Sed
364 806 388 860 si
409 805 470 876 quis
484 805 592 876 nepotis
612 803 675 858 loco
689 801 802 877 adoptet
823 804 867 860 vel
890 806 966 877 prasi
986 820 1076 859 exeo
1099 801 1170 874 filio,

197 906 277 963 quem
292 887 373 944 habet
386 890 438 943 iam
453 887 627 961 adoptatum,
642 887 685 943 vel
699 890 777 960 qnasi
791 905 825 943 ex
839 889 904 959 ilio,
919 905 1000 962 mem
1012 888 1168 944 natm-alem

184 977 223 1030 ·in
238 991 287 1029 sua
301 979 438 1047 potestate
459 971 552 1027 habet:
580 973 609 1026 iu
628 988 662 1026 eo
683 988 747 1027 casu
767 981 795 1027 et
816 971 887 1028 fitius
902 974 1058 1029 consentire
1073 971 1169 1041 debet,

196 1075 231 1114 ne
246 1060 270 1113 ei
285 1059 370 1114 invito
385 1073 452 1112 suus
474 1056 552 1111 heres
572 1055 759 1130 adgnascatur.
790 1057 839 1112 scd
859 1074 892 1112 ex
907 1057 1045 1112 contrario
1061 1057 1086 1111 si
1101 1073 1169 1111 avus

197 1159 230 1198 ex
246 1141 301 1198 filio
323 1149 450 1214 nepotem
471 1139 517 1195 dat
536 1141 564 1196 in
584 1139 773 1212 adoptionem,
799 1159 855 1197 non
880 1149 923 1197 est
943 1157 1057 1196 necesse
1079 1138 1169 1196 filium

163 1231 179 1279 8
196 1226 361 1282 consentire.
399 1224 428 1279 ln
443 1225 566 1299 piurimis
581 1231 671 1280 autem
686 1226 774 1280 causis
795 1225 962 1280 adsimilatus
975 1227 1016 1296 is,
1037 1227 1087 1298 qui
1103 1224 1169 1280 ado-

196 1317 287 1384 ptatus
300 1309 343 1365 vel
357 1309 505 1382 adrogatus
520 1317 579 1380 est,
595 1311 630 1380 ei,
646 1310 693 1382 qui
708 1325 742 1364 es
757 1308 880 1383 legitimo
895 1309 1069 1364 matrimonio
1085 1318 1168 1364 uatus

196 1403 248 1452 est.
279 1402 308 1448 et
322 1393 384 1450 ideo
399 1394 424 1448 si
438 1395 498 1466 quis
518 1410 568 1466 per
582 1395 772 1466 imperatorem
791 1395 849 1449 sive
863 1393 935 1466 apud
949 1401 1109 1466 praetorem
1126 1393 1168 1447 vel

196 1479 267 1552 apud
282 1478 433 1552 praesidem
453 1478 606 1553 provinciae
621 1493 676 1532 uon
692 1485 848 1534 extraneum
864 1477 1050 1551 adoptaverit,
1071 1485 1168 1550 potest

162 1561 311 1618 9euudem
337 1561 382 1618 alii
406 1563 434 1616 in
459 1561 634 1636 adoptionem
660 1561 734 1617 dare.
772 1555 848 1617 ¹Sed
874 1561 992 1618 etillud
1019 1563 1168 1636 utriusque

196 1647 350 1719 adoptionis
365 1661 508 1702 commune
527 1653 586 1716 est,
608 1645 682 1717 quod
702 1654 730 1701 et
750 1646 792 1717 hi,
813 1649 861 1719 qui
881 1662 1013 1720 generare
1028 1663 1086 1700 uon
1102 1663 1169 1720 pos·

196 1738 276 1802 sunt,
293 1729 386 1802 quales
401 1738 465 1784 suot
479 1729 628 1802 spadones,
644 1728 773 1802 adoptare
792 1741 926 1803 possunt,
948 1732 1058 1786 castrati
1074 1739 1169 1786 autem

147 1826 179 1875 10
196 1831 252 1870 uon
267 1821 392 1887 possunt.
423 1805 566 1868 ²Femiuae
588 1829 699 1886 quoque
718 1812 846 1887 adoptare
865 1831 922 1870 noo
942 1822 1078 1888 possunt,
1103 1817 1168 1888 quia

196 1915 246 1954 uec
261 1897 397 1953 naturales
412 1895 512 1952 liberos
538 1899 566 1952 io
586 1904 722 1970 potestate
747 1915 796 1952 sua
817 1898 929 1954 habeut:
961 1898 1010 1954 sed
1025 1915 1060 1954 ex
1075 1899 1167 1954 indul·

196 1983 288 2058 gentio
312 1983 440 2056 principis
466 1980 500 2036 ad
522 1980 649 2036 solatium
675 1980 821 2038 liberorum
846 1985 1006 2038 amissorum
1032 1983 1167 2057 adoptare

146 2081 176 2130 11
195 2074 321 2141 possunt.
360 2059 446 2122 ³tuud
466 2066 607 2140 proprium
627 2075 669 2121 est
684 2065 755 2121 illius
772 2067 940 2140 adoptionis,
965 2084 1035 2140 quae
1056 2085 1111 2141 per
1126 2086 1166 2123 sa·

196 2169 271 2207 crum
288 2151 425 2208 oraculum
442 2149 487 2223 fit,
509 2149 583 2224 qttod
597 2152 637 2221 is,
659 2147 706 2224 qiri
720 2150 820 2206 liberos
835 2153 863 2206 iu
877 2159 1015 2224 potestate
1030 2149 1127 2223 habet,
1144 2154 1166 2207 si

195 2253 225 2291 se
241 2235 425 2309 adrogaodum
441 2235 563 2304 dederit,
583 2251 639 2290 non
659 2235 748 2290 solum
769 2236 827 2308 ipse
842 2238 973 2310 potestati
988 2236 1165 2310 adrogatoris

195 2318 343 2390 subicitur,
369 2318 417 2374 sed
442 2320 522 2374 etiam
548 2317 626 2372 liberi
651 2319 709 2373 eius
735 2319 762 2373 iu
788 2319 908 2375 eiusdem
934 2319 1003 2375 dunt
1024 2329 1165 2394 potestate

197 2411 330 2474 tamquam
345 2410 469 2475 nepotes.
500 2403 541 2456 sic
555 2401 625 2456 euim
641 2410 669 2456 et
683 2401 761 2458 divus
776 2403 917 2478 Augustus
933 2420 988 2460 nou
1004 2413 1069 2460 ante
1085 2404 1165 2461 Tibe·

194 2487 265 2542 rium
279 2485 431 2559 adoptavit,
453 2501 533 2559 quam
552 2486 575 2539 is
592 2485 775 2542 Germanicum
802 2488 952 2562 adoptavit:
981 2497 1013 2543 ut
1033 2491 1165 2562 protinus

145 2585 176 2634 12
194 2570 340 2643 adoptione
355 2569 426 2626 iacta
439 2570 549 2642 incipiat
564 2568 735 2626 Germanicus
750 2573 867 2646 Augusti
881 2589 967 2646 nepos
982 2589 1054 2630 esse.
1083 2575 1166 2648 Apud

194 2653 323 2712 Catonem
345 2654 412 2710 hene
432 2655 563 2728 seriptum
576 2653 662 2710 refert
676 2656 838 2729 antiquitas,
864 2659 936 2712 servi
960 2659 984 2712 si
1010 2675 1024 2712 a
1050 2657 1164 2714 domino

194 2739 314 2813 adoptati
329 2740 400 2810 siut,
420 2739 521 2795 euhoe
539 2739 600 2812 ipso
615 2755 697 2816 posse
716 2739 833 2796 liberari.
864 2741 936 2797 uude
951 2750 979 2797 et
994 2758 1045 2798 uos
1062 2743 1164 2798 eruditi

193 2826 221 2878 in
237 2831 330 2880 nostra
349 2817 566 2880 constitutioue⁴
590 2824 671 2880 etiam
692 2839 754 2879 eum
775 2841 898 2897 servum,
920 2825 1163 2899 quemdominus,

194 2909 259 2963 actis
274 2907 532 2980 intervenientibus,
554 2905 638 2964 tilium
658 2924 738 2964 suum
753 2911 946 2982 nominaverit,
968 2909 1086 2966 liberum
1102 2927 1164 2968 esse

193 2993 395 3066 constituimus,
409 2993 472 3050 lieet
486 2993 539 3050 hoc
553 2993 585 3048 ad
600 2995 643 3050 ius
658 2991 706 3048 filii
720 2994 903 3068 accipiendum
919 2997 943 3052 ei
955 3011 1011 3050 nou
1026 2994 1141 3052 suflicit.

262 3205 282 3275 ¹)
295 3229 329 3251 =
343 3211 399 3262 Gai.
418 3214 441 3274 l,
462 3214 519 3262 103.
606 3208 628 3274 ²)
645 3211 741 3274 partim
751 3230 785 3250 =
799 3209 855 3260 Gai.
874 3213 897 3269 1,
916 3211 974 3261 104.
1062 3207 1084 3275 3)
1105 3213 1163 3264 init.

189 3277 294 3340 sere=
308 3279 363 3332 Gai.
383 3281 405 3338 1,
426 3281 483 3330 lot.
501 3279 535 3331 L.
553 3279 577 3328 2.
597 3279 621 3339 §-
640 3279 664 3328 2.
684 3279 717 3332 D.
736 3279 768 3328 de
786 3279 874 3342 adopt.
888 3275 922 3344 (1,
937 3275 973 3344 t).
1043 3277 1067 3339 ⁴)
1087 3279 1122 3328 L.
1141 3284 1163 3330 1.

192 3343 216 3404 ἕ.
236 3346 276 3395 10.
296 3345 324 3394 0.
344 3348 376 3398 de
394 3348 455 3397 Lot.
474 3347 517 3398 tib.
536 3349 588 3397 toli.
607 3344 643 3413 (t,
661 3342 698 3411 6).
