2464 3916
330 191 364 226 uxr
383 163 610 228 excurrrouruus
629 176 677 239 IV,
697 179 738 229 13.
960 175 1021 240 189

17 355 19 402 3
113 330 259 405 Superest,
275 338 307 387 ut
321 330 528 404 admoneamus,
550 331 623 406 quod
639 333 663 388 si
678 340 740 389 ante
755 349 812 390 rem
827 331 971 392 iudicatam
984 335 1018 406 is,
1038 340 1054 389 2

47 432 111 472 cum
128 431 182 489 quo
197 423 287 472 actum
302 423 362 487 cst,
384 416 531 474 satisfaciat
544 417 645 488 actori,
667 414 760 473 oiiieio
780 416 876 476 iudicis
893 412 1020 476 convenit

48 517 112 556 eum
137 498 291 572 absolvere,
314 500 378 558 iicet
403 500 494 558 iudicii
520 500 667 576 accipiendi
693 508 815 574 tempore
839 502 868 558 in
895 519 926 558 ea
940 519 1020 566 causa

50 584 165 657 fuisset,
181 592 213 642 ut
227 584 345 642 damnari
361 583 471 642 debeat:
493 593 522 642 et
536 587 589 644 hoc
603 592 661 658 est,
683 583 757 660 quod
773 591 835 642 ante
850 586 933 660 vulgo
949 586 1020 646 dicc-

49 668 149 742 batur,
159 671 248 729 omnia
262 669 359 726 iudicia
375 667 541 726 absolutoria
556 687 625 726 esse.

463 866 521 908 ΤΠ.
535 866 603 908 xm

345 969 394 1020 DE
413 968 720 1022 EXCEPTIONIBUS.

85 1142 88 1146 .
114 1084 277 1166 ¹Sequitur,
300 1099 331 1148 ut
352 1091 385 1148 de
407 1091 613 1167 exceptionibus
628 1091 810 1166 dispiciamus.
848 1100 1017 1167 comparatae
1035 1112 1070 1152 rr.

48 1183 114 1232 sunt
133 1184 224 1234 autem
255 1177 428 1250 exceptiones
455 1176 689 1239 defendendorum
713 1193 809 1234 eorum
831 1178 932 1250 gratia,
959 1193 1020 1234 eum

49 1259 147 1335 quibus
162 1263 267 1335 agitur-z
293 1277 375 1334 saepe
388 1262 460 1318 enim
475 1260 592 1332 accidit,
618 1269 665 1334 ut,
687 1261 751 1320 licet
771 1263 830 1336 ipsa
844 1254 952 1333 actio,2
967 1277 1020 1336 qua

48 1353 124 1402 actor
139 1347 293 1419 experitur,
309 1347 382 1402 iusta
395 1346 447 1417 sit,
463 1353 554 1402 tamen
568 1347 660 1420 iniqua
675 1347 712 1402 sit
726 1345 854 1402 adversus
870 1361 943 1417 eum,
957 1363 1018 1402 cum

48 1445 104 1503 quo
119 1431 220 1504 agitur.
257 1428 338 1486 Verbi
365 1431 453 1504 gratia
478 1431 502 1486 si
523 1438 598 1488 metu
618 1437 728 1493 coactus
749 1438 796 1486 aut
810 1429 875 1488 dolo
890 1429 1018 1494 inductus
1039 1438 1051 1486 t

47 1520 97 1570 aut
111 1529 204 1570 errore
219 1513 311 1588 lapsus
325 1514 467 1588 stipulanti
482 1515 553 1581 'titio
574 1516 739 1589 promisisti,
761 1514 833 1588 quod
848 1531 905 1573 non
920 1513 1020 1572 debue-

47 1615 94 1652 ras
110 1589 284 1672 promittere,
309 1599 396 1672 palam
412 1607 469 1671 est,
496 1601 555 1664 iure
576 1600 646 1662 civili
667 1607 695 1656 te
717 1597 868 1674 obligatum
888 1615 974 1671 esse,
991 1606 1020 1655 et

47 1683 134 1752 actio,
161 1699 213 1756 qua
233 1683 389 1760 intenditur,
405 1683 468 1743 dare
490 1691 517 1740 te
539 1693 683 1758 oportere,
708 1681 804 1740 efficax
824 1692 879 1742 est:
906 1683 955 1740 sed
969 1685 1020 1742 ini·

47 1783 133 1840 quum
148 1775 206 1839 est,
233 1774 261 1824 te
287 1767 474 1841 condemnari,
501 1768 623 1842 ideoque
633 1768 713 1826 datur
728 1767 776 1826 tibi
791 1769 915 1844 exceptio
929 1775 1019 1826 metus

47 1869 128 1912 causa
142 1859 190 1910 aut
204 1850 260 1919 doli
275 1851 338 1913 mali
352 1861 399 1910 aut
420 1854 448 1910 in
464 1852 566 1910 iactum
581 1855 731 1928 composita
754 1853 787 1910 ad
809 1853 1019 1928 impugnandam

47 1937 190 1994 actionem.
228 1929 320 1994 ³ldem
334 1938 403 1998 iuris
416 1944 475 2010 est,
496 1938 519 1993 si
535 1939 687 2011 quisquesi
702 1937 829 1994 credendi
844 1954 923 2000 causa
937 1955 1019 2011 pecu·
1037 1953 1052 2001 2

46 2021 118 2076 niam
139 2020 284 2096 stipulatus
303 2019 387 2078 fuerit
407 2037 503 2094 neque
521 2023 681 2084 numeravit.
718 2037 779 2076 nam
800 2037 858 2076 eam
878 2023 1019 2094 pecuniam

47 2122 61 2159 a
77 2113 105 2161 tc
120 2112 214 2178 petere
228 2121 312 2179 posse
326 2122 388 2163 cum
403 2112 508 2168 certum
523 2113 579 2162 est:
606 2104 670 2162 dare
685 2105 757 2161 enim
771 2111 799 2160 te
815 2111 942 2178 oportet,
957 2121 1018 2160 cum

47 2206 80 2244 ex
102 2184 255 2264 stipulatu⁴
280 2191 412 2249 tenearis:
439 2189 486 2246 sed
513 2189 575 2264 quia
600 2190 724 2263 iniquum
745 2196 791 2245 est
817 2205 850 2244 eo
865 2189 976 2247 nomine
991 2195 1018 2244 te

47 2273 238 2346 condemnari,
253 2274 359 2348 placet,
375 2275 534 2348 exceptione
548 2275 680 2348 pecuniae
691 2290 747 2330 non
758 2277 914 2330 numeratae
930 2279 957 2328 te
973 2271 1019 2330 de-

47 2357 121 2417 ieudi
136 2357 250 2430 debere,
276 2359 353 2415 cuius
378 2366 510 2432 tempora,
522 2375 589 2430 nos,
613 2358 761 2416 secundum
783 2356 856 2430 quod
871 2358 924 2414 iem
938 2373 1019 2431 supe·

47 2441 167 2500 rioribus
181 2442 257 2500 libris
272 2444 403 2517 scriptum
419 2437 493 2516 esti
508 2443 704 2502 constitutione
719 2449 814 2500 nostra
828 2443 1017 2501 coartavimus.

46 2527 192 2594 Praeterea
204 2527 312 2584 debitor
326 2529 350 2587 si
363 2535 459 2602 pactus
474 2527 558 2586 suerit
572 2544 633 2584 cum
645 2527 798 2599 creditore,
819 2543 854 2584 ne
869 2543 884 2582 a
898 2543 928 2583 se
942 2533 1019 2601 pete·
1037 2541 1052 2589 3
1105 2598 1109 2606 Ι

47 2618 141 2684 retur,
157 2611 242 2668 nihilo
257 2613 346 2670 minus
362 2611 611 2686 obligatusmanet,
628 2613 689 2686 quia
704 2618 783 2686 pecto
799 2617 935 2668 convento
951 2610 1018 2672 obti-

47 2697 174 2770 gationec
188 2711 243 2754 non
259 2687 414 2754 omnimodo
429 2695 630 2756 dissclmntur:
657 2694 757 2770 quade
772 2711 852 2753 causa
867 2691 960 2752 efficax
976 2702 1019 2752 est

46 2781 178 2838 adversus
199 2797 262 2838 eum
281 2783 368 2852 actio,
390 2797 443 2854 qua
463 2787 540 2838 actor
554 2779 671 2839 intendit
691 2795 920 2840 serendarum
933 2793 1018 2846 naam

46 2881 223 2932 occurerem.
255 2865 303 2921 sed
318 2866 380 2940 quia
393 2866 515 2940 iniquum
536 2871 593 2937 est,
614 2871 709 2920 contra
728 2865 882 2940 pactionem
896 2879 957 2920 eum
973 2863 1018 2923 da·

118 3129 138 3194 ¹)
154 3147 199 3196 pr.
218 3132 242 3193 §-
261 3133 274 3181 1
293 3151 327 3174 ε
346 3130 402 3182 Gai.
421 3132 450 3190 4,
470 3131 530 3182 115.
553 3133 601 3181 116
618 3137 677 3179 mut.
730 3127 751 3193 ²)
770 3131 845 3181 ectio
864 3130 889 3180 B
906 3129 1017 3194 Theopb

47 3199 207 3264 persecutio
226 3197 294 3248 EW
309 3204 335 3249 ct
351 3199 468 3264 plerique
485 3199 564 3262 inser.
587 3199 662 3249 codd.
686 3197 744 3248 edd.
765 3197 839 3248 Scito.
859 3205 885 3248 ct
902 3197 954 3251 Kr.
971 3199 1020 3248 ced

2 3319 6 3326 .
45 3268 144 3329 factum
160 3267 208 3318 toa
225 3281 261 3316 eae
277 3281 328 3332 per
349 3279 388 3322 se,
413 3267 501 3332 ptoeao
527 3282 550 3315 o.
569 3265 638 3330 ipsa,
657 3272 682 3315 ct
701 3265 784 3315 actio.
871 3261 967 3343 ⁸)‚fere
984 3285 1019 3306 =

49 3334 108 3384 Gai.
125 3337 151 3394 4,
170 3335 219 3386 116
236 3335 302 3392 med,
371 3330 392 3396 ⁴)
416 3333 453 3383 W
470 3333 527 3384 Gai.
550 3332 729 3397 stipulatione
753 3332 806 3382 BE
823 3324 861 3390 ὡς
885 3325 942 3382 απὸ
966 3330 1018 3398 τῆς

48 3391 249 3469 ἐπερωτήσεως
270 3391 388 3466 deducis
399 3398 452 3452 τοῦ
464 3391 720 3468 νόμον-ἀκρίβειαν
744 3399 953 3465 Praeposuerat
970 3402 1019 3466 ipt-

48 3477 91 3519 tur
109 3467 246 3534 stipulatu
264 3469 332 3519 iure.
404 3467 424 3532 ⁶)
443 3471 483 3520 tr't.
502 3467 534 3520 de
552 3469 620 3522 liter.
638 3467 687 3520 obl.
707 3466 742 3531 (3,
761 3465 813 3531 21).
