2486 3916
232 915 545 990 TITULORUM
573 915 923 992 CONSPECTUS.

416 1119 549 1205 {LIBER
572 1120 719 1175 PRIMUS.

92 1257 150 1306 Tit.
165 1255 179 1304 I
196 1255 239 1305 De
257 1255 367 1304 iustitia
386 1258 414 1304 et
432 1255 500 1306 iure.

161 1323 191 1374 II
209 1323 250 1372 De
270 1323 329 1372 iure
348 1323 479 1385 naturali,
498 1325 622 1388 gentium
642 1329 670 1374 et
688 1325 772 1376 civili.

162 1391 205 1440 III
223 1391 266 1440 De
285 1390 345 1440 iure
363 1405 551 1454 personarum.

162 1459 201 1508 IV
218 1459 259 1508 De
278 1459 417 1523 ingenuis.

163 1525 187 1574 V
204 1526 245 1574 De
264 1525 414 1576 libertinis.

161 1592 201 1642 VI
220 1591 275 1654 Qui
294 1593 393 1658 quibus
412 1609 445 1642 ex
464 1594 557 1644 causis
575 1595 769 1645 manumittere
788 1611 842 1644 non
861 1599 983 1660 possunt.

161 1661 215 1711 VII
232 1661 275 1711 De
293 1661 357 1726 Iege
375 1661 463 1711 Furia
482 1660 600 1711 Caninio
619 1661 738 1712 sublata.

160 1729 230 1780 VIII
247 1727 290 1778 De
308 1729 366 1792 his,
386 1729 434 1792 qui
452 1730 495 1778 sui
513 1729 558 1780 vel
577 1729 665 1780 alieni
683 1731 751 1780 iuris
770 1735 842 1781 sunt.

160 1797 200 1846 IX
218 1797 261 1846 De
279 1797 375 1862 patria
392 1801 544 1861 potestate.

158 1865 185 1915 X
202 1863 246 1912 De
264 1863 379 1929 nuptiis.

160 1933 201 1983 XI
218 1931 262 1982 De
275 1931 480 1998 adoptionibus.

158 1999 215 2052 XII
235 2001 341 2064 Quibus
358 1999 446 2050 modis
464 2001 507 2050 ius
524 2001 674 2066 potestetIs
692 1999 815 2051 solvitur.

159 2067 229 2120 xm
247 2070 291 2119 De
309 2067 412 2120 tutelis.

158 2137 226 2188 XIV
245 2137 300 2199 Qui
318 2135 379 2184 dari
397 2139 502 2186 tutores
520 2138 688 2186 testamento
706 2139 830 2200 possunt.

158 2203 211 2254 XV
229 2203 273 2253 De
290 2203 417 2270 legitima
435 2202 617 2268 adgnatorum
636 2203 733 2253 tutela.

159 2271 226 2323 XVI
245 2270 288 2320 De
309 2271 409 2336 capitis
430 2271 590 2324 minutione.

159 2339 241 2390 XVII
259 2339 302 2388 De
321 2339 449 2403 legitima
465 2342 643 2403 patronorum
662 2337 760 2400 tutela.

159 2407 256 2458 XVIII
272 2407 314 2456 De
332 2405 459 2471 legitima
482 2410 627 2470 parentum
645 2405 745 2457 tutela.

160 2475 228 2525 XIX
245 2476 287 2526 De
306 2473 452 2523 fiduciaria
470 2473 568 2528 tutela.

158 2543 210 2592 XX
228 2543 270 2660 1310
283 2541 407 2592 Atiliano
426 2545 515 2592 tutore
534 2541 579 2592 vel
599 2558 645 2606 eo,
665 2542 711 2607 qui
730 2557 763 2592 ex
781 2541 844 2608 Iege
856 2541 928 2593 Iulia
948 2547 975 2593 et
987 2543 1063 2594 Titia

175 2623 177 2628 ·
264 2611 372 2662 abatur.

158 2677 225 2728 XXI
242 2678 285 2728 De
305 2677 473 2726 auctoritate
492 2681 621 2727 tutorum.

158 2745 240 2796 XXII
260 2745 366 2808 Quibus
385 2744 472 2796 modis
490 2745 582 2794 tutela
600 2744 700 2794 finitur.
803 2753 809 2766 ·

157 2812 256 2864 XXIII
272 2813 316 2863 De
335 2812 517 2862 curatoribus.

159 2881 254 2932 XXIV
272 2880 315 2930 De
335 2879 519 2930 satisdatione
538 2885 658 2930 tutorum
676 2880 722 2931 vel
742 2885 909 2930 curatorum.

162 2949 242 3000 XXV
259 2949 302 2998 De
320 2947 546 2998 excusationibus
564 2951 684 2997 tutorum
701 2947 746 2998 vel
766 2953 930 3002 curatorum.

161 3015 254 3066 XXVI
271 3015 315 3065 De
334 3015 469 3080 suspectis
486 3015 623 3066 tutoribus
643 3020 670 3064 et
689 3017 882 3082 curatoribus.-

407 3132 521 3183 LIBER
540 3132 743 3185 SECUNDUS.
830 3135 834 3143 '

157 3219 172 3268 I
189 3219 232 3269 De
251 3233 345 3269 rerum
360 3217 505 3270 divisione.

157 3285 187 3336 II
204 3287 248 3336 De
266 3287 348 3336 rebus
367 3284 596 3350 incorporalibus.

157 3355 202 3404 III
219 3355 263 3405 De
282 3353 471 3404 servitutibus.

158 3422 197 3472 IV
215 3423 259 3484 De
277 3421 430 3472 usufructu.
445 3477 446 3480 Ἴ

158 3489 183 3540 V
201 3489 244 3540 De
264 3503 315 3539 usu
334 3493 362 3540 et
379 3489 566 3540 habitatione.

122 3585 290 3624 rvs'rlumss
312 3588 543 3625 nisrlrvrronns.
