2464 3916
251 245 287 280 nn
307 219 495 280 successione
516 244 698 282 nrunuronuu
717 231 768 294 111,
789 235 803 281 t
823 228 869 298 (8).
992 233 1051 295 117

80 387 119 440 ita
135 385 243 442 demum
259 387 302 442 lex
318 385 459 442 duodecim
480 385 630 442 tabularum
651 387 682 442 ad
703 387 881 444 hereditatem
902 387 992 445 liberti
1006 407 1053 445 vo·

80 469 159 526 cahat
173 478 333 544 patronum,
346 472 369 526 si
382 471 527 527 intestatus
544 478 666 528 mortuus
683 481 756 528 esset
770 471 894 545 libertus,
910 474 986 530 nullo
1001 491 1052 530 suo

81 554 183 610 herede
201 555 306 611 relicto.
343 557 435 628 itaque
455 557 584 612 intestato
606 573 716 630 quoque
736 565 845 613 mortuo
861 557 976 630 liberto,
991 561 1015 614 si
1029 559 1052 614 is

80 655 161 694 suum
177 639 303 696 heredem
318 639 489 712 reliquisset,
505 641 573 696 nihil
587 642 615 697 in
629 640 708 698 bonis
720 643 778 697 eius
794 649 910 716 patrono
925 645 967 698 ius
984 652 1052 699 erat.

80 725 148 780 etsi
175 723 283 796 quidem
310 741 343 781 ex
369 725 535 780 naturalibus
561 725 652 782 liberis
678 725 795 801 aliquem
820 743 899 782 suum
924 727 1053 784 heredem

80 809 253 882 reliquisset,
279 809 354 865 nulla
378 808 519 865 videbatur
545 809 671 884 querela:
701 813 804 866 sivero
821 810 963 884 adoptivus
980 810 1052 867 filius

79 903 170 964 esset,
187 902 280 967 aperte
295 895 416 968 iniquum
431 903 503 966 erat,
525 895 592 950 nihil
607 897 672 950 iuris
687 905 803 969 patrono
819 911 972 968 superesse.
997 895 1053 963 Qua
1073 909 1085 954 1

80 977 115 1034 de
131 994 212 1033 causa
226 988 322 1052 postea
336 980 470 1052 praetoris
487 979 576 1036 edicto
596 980 663 1036 haec
681 981 748 1037 iuris
768 979 897 1054 iniquitas
914 980 1053 1036 emendata

80 1071 140 1118 est.
168 1063 225 1118 sive
246 1064 317 1118 enim
344 1062 457 1120 iaciebat
485 1071 675 1120 testamentum
696 1064 826 1136 libertus,
853 1063 995 1120 iubebatur
1016 1067 1054 1120 ita

79 1148 191 1218 testari,
212 1155 243 1202 ut
263 1155 379 1220 patrono
404 1156 508 1221 partem
530 1149 664 1205 dimidiam
685 1148 820 1206 honorum
840 1165 952 1205 suorum
972 1149 1053 1204 relin-

81 1239 192 1303 queret:
223 1233 293 1287 etsi
314 1240 360 1287 aut
382 1233 448 1288 nihil
469 1234 623 1290 autminus
644 1235 728 1308 partis
750 1234 873 1290 dimidiae
893 1233 1053 1308 reliquerat,

82 1315 195 1370 dahatur
214 1324 330 1389 patrono
351 1309 447 1372 contra
469 1316 571 1373 tabulas
588 1321 741 1374 testamenti
756 1321 839 1392 partis
860 1317 983 1374 dimidiae
1004 1317 1052 1374 bo·

80 1415 178 1454 norum
193 1403 340 1472 possessio.
378 1403 400 1456 si
427 1417 491 1456 vero
512 1403 657 1458 intestatus
679 1403 860 1473 moriebatur,
882 1405 934 1457 suo
953 1403 1053 1458 herede
1083 1476 1085 1480 .

79 1483 176 1540 relicto
192 1484 247 1540 lilio
263 1485 405 1559 adoptivo,
419 1485 533 1542 dabatur
548 1503 633 1560 aeque
645 1496 761 1561 patrono
777 1495 872 1542 contra
887 1487 960 1541 hunc
974 1503 1053 1542 suum

80 1568 208 1624 heredem
228 1571 311 1642 partis
332 1570 456 1626 dimidiae
475 1569 609 1626 honorum
631 1573 779 1644 possessio.
818 1571 949 1644 prodesse
964 1578 1053 1626 autem

78 1651 179 1709 liberto
195 1653 318 1710 solebant
333 1655 365 1709 ad
381 1655 579 1711 excludendum
590 1664 735 1729 patronum
747 1655 882 1712 naturales
893 1653 981 1726 liberi,
997 1672 1052 1710 non

78 1737 169 1793 solum
196 1755 264 1812 quos
289 1741 317 1794 in
341 1747 478 1812 potestate
498 1743 593 1796 mortis
615 1749 737 1815 tempore
753 1739 882 1812 hahebat,
908 1737 1051 1796 sedetiam

78 1823 238 1896 emancipati
253 1831 280 1878 et
294 1825 322 1878 in
337 1823 510 1898 adoptionem
525 1825 595 1898 dati,
617 1827 639 1880 si
655 1825 736 1882 modo
758 1843 790 1881 es
805 1825 893 1898 aliqua
913 1832 990 1898 parte
1004 1825 1052 1880 he-

78 1905 158 1962 redes
173 1908 267 1980 scripti
287 1917 364 1964 erant
384 1918 430 1964 aut
444 1912 585 1982 praeteriti
605 1920 699 1967 contra
714 1909 817 1966 tabulas
840 1909 974 1966 bonorum
988 1926 1052 1983 pos-

78 1993 230 2048 sessionem
247 2009 279 2048 er
295 1991 383 2048 edicto
398 1995 546 2067 petierant:
568 2011 628 2050 nam
644 1994 799 2050 exheredati
820 1994 896 2049 nullo
912 1993 994 2049 modo
1009 2009 1052 2048 re-

77 2074 216 2149 pellebant
242 2085 395 2150 patronum.
444 2077 542 2133 Postea
574 2079 636 2152 lege
661 2079 742 2152 Papia
768 2078 879 2132 adaucta
905 2084 969 2132 sunt
994 2079 1086 2134 iurat

78 2164 272 2233 patronorum,
295 2162 341 2235 qui
355 2161 549 2236 locupletiores
570 2162 683 2218 libertos
706 2161 848 2217 habebant.
887 2167 995 2216 cautum
1011 2167 1052 2216 est

79 2246 168 2316 euim,
184 2254 215 2300 ut
230 2263 263 2301 es
277 2245 356 2302 honis
377 2248 452 2318 eius,
475 2248 521 2320 qui
542 2249 733 2303 sestertiorum
754 2252 861 2302 centum
883 2244 985 2300 milium
1007 2261 1053 2318 pa-

80 2331 237 2384 trimonium
259 2331 400 2404 reliquerit
421 2340 448 2388 et
469 2331 610 2404 pauciores
632 2347 712 2405 quam
733 2339 789 2386 tres
810 2329 911 2386 liberos
927 2327 1052 2400 habebat,

79 2414 136 2469 sive
156 2415 179 2469 is
202 2422 362 2471 testamento
385 2415 473 2488 lacto,
497 2417 554 2472 sive
574 2417 704 2472 intestato
726 2422 851 2471 mortuus
868 2423 940 2486 erat,
968 2413 1051 2470 virilis

78 2515 141 2572 pars
156 2506 271 2572 patrono
287 2494 462 2558 deberetur.1
483 2501 574 2574 itaque
595 2518 654 2556 cum
677 2517 762 2556 unum
777 2498 861 2556 filium
877 2499 991 2555 liliamve
1007 2500 1053 2554 he-

78 2581 171 2638 redem
186 2581 325 2658 reliquerit
342 2585 477 2658 libertus,
499 2577 611 2659 perinde
632 2603 694 2660 pars
716 2585 824 2642 dimidia
838 2592 956 2658 patrono
972 2583 1053 2638 dehe-

78 2667 174 2740 batur,
201 2685 232 2724 ac
252 2671 275 2724 si
295 2671 318 2725 is
342 2671 401 2726 sine
427 2671 483 2726 ullo
507 2668 563 2726 filio
585 2669 677 2738 filiave,
692 2669 868 2728 decessisset:
895 2684 956 2724 cum
983 2667 1052 2722 duos

78 2753 178 2808 duasve
198 2753 311 2809 heredes
332 2754 494 2828 reliquerat,
516 2756 596 2810 tertia
617 2773 678 2828 pars
701 2754 848 2811 debehatur
867 2760 998 2826 patrono:
1029 2752 1053 2806 si

77 2847 136 2892 tres
149 2837 313 2910 reliquerat,
328 2838 511 2912 repellebatur
525 2849 667 2912 patronus.
692 2839 745 2896 Sed
761 2843 854 2894 nostra
866 2829 1053 2908 constitutio,²
1071 2847 1087 2893 3

78 2938 159 2994 qnam
179 2938 229 2995 pro
254 2923 373 2978 omnium
393 2926 507 2980 notione
528 2925 626 2980 Graeca
646 2925 754 2998 lingua,
775 2921 971 2995 compendioso
998 2929 1052 2977 tra-

77 3013 152 3061 ctatu
167 3005 275 3078 habito,
297 3010 514 3081 composuimus,
535 3011 572 3065 ita
587 3008 742 3065 huiusmodi
758 3025 851 3079 causas
867 3004 1004 3077 delinivit,
1023 3016 1053 3062 ut

70 3093 99 3162 ,si
117 3089 225 3163 quidem
247 3089 363 3148 libertus
384 3093 427 3148 vel
447 3091 544 3148 liberta
559 3094 678 3148 minores
694 3093 855 3148 centenariis
872 3093 942 3163 sint,
965 3092 1053 3146 idest

75 3177 166 3230 minus
183 3183 291 3232 centum
307 3178 395 3232 aureis
411 3175 527 3233 habeant
535 3177 712 3233 substantiam
726 3174 774 3251 (sic
789 3178 860 3232 enim
875 3177 944 3250 legis
956 3175 1053 3248 Papiae

75 3276 210 3316 summam
226 3261 397 3334 interpretati
412 3278 521 3334 sumus,
537 3271 568 3318 ut
582 3279 633 3336 pro
650 3261 712 3318 mile
725 3262 857 3318 sestertiis
870 3277 940 3316 unus
953 3275 1053 3314 aureus

145 3457 166 3520 ¹)
185 3459 340 3510 debebatur
358 3462 435 3511 codd.
455 3463 515 3514 edd.
534 3459 607 3512 Schr.
627 3469 652 3510 et
670 3459 722 3514 Kr.
802 3456 823 3520 ²)
842 3459 874 3508 L.
893 3461 918 3506 4.
940 3458 966 3509 C.
985 3459 1017 3506 de
1036 3460 1053 3506 i.

71 3534 182 3591 patron.
203 3524 238 3592 (6,
256 3525 291 3590 t).
