<?xml version="1.0" encoding="UTF-8"?>
<!DOCTYPE html PUBLIC "-//W3C//DTD XHTML 1.0 Transitional//EN"
    "http://www.w3.org/TR/xhtml1/DTD/xhtml1-transitional.dtd">
<html xmlns="http://www.w3.org/1999/xhtml" xml:lang="en" lang="en">
 <head>
  <title>
</title>
<meta http-equiv="Content-Type" content="text/html;charset=utf-8" />
  <meta name='ocr-system' content='tesseract 3.04.00' />
  <meta name='ocr-capabilities' content='ocr_page ocr_carea ocr_par ocr_line ocrx_word'/>
</head>
<body>
  <div class='ocr_page' id='page_1' title='image "./impivstinianiin00huscgoog_0209.png"; bbox 0 0 2484 3916; ppageno 0'>
   <div class='ocr_carea' id='block_1_1' title="bbox 509 225 801 289">
    <p class='ocr_par' dir='ltr' id='par_1_1' title="bbox 509 225 801 289">
     <span class='ocr_line' id='line_1_1' title="bbox 509 225 801 289; baseline 0 -13"><span class='ocrx_word' id='word_1_1' title='bbox 509 241 544 276; x_wconf 82' lang='lat' dir='ltr'>nu</span> <span class='ocrx_word' id='word_1_2' title='bbox 563 225 741 289; x_wconf 73' lang='lat' dir='ltr'>cunamen,</span> <span class='ocrx_word' id='word_1_3' title='bbox 760 229 801 278; x_wconf 80' lang='lat'>20.</span> 
     </span>
    </p>
   </div>
   <div class='ocr_carea' id='block_1_2' title="bbox 537 409 774 566">
    <p class='ocr_par' dir='ltr' id='par_1_2' title="bbox 537 409 774 566">
     <span class='ocr_line' id='line_1_2' title="bbox 598 409 719 452; baseline -0.017 0"><span class='ocrx_word' id='word_1_4' title='bbox 598 410 655 452; x_wconf 76' lang='lat' dir='ltr'><strong>TIT.</strong></span> <span class='ocrx_word' id='word_1_5' title='bbox 668 409 719 451; x_wconf 85' lang='lat' dir='ltr'>XX.</span> 
     </span>
     <span class='ocr_line' id='line_1_3' title="bbox 537 513 774 566; baseline 0.008 -2"><span class='ocrx_word' id='word_1_6' title='bbox 537 515 587 564; x_wconf 80' lang='lat' dir='ltr'>Du</span> <span class='ocrx_word' id='word_1_7' title='bbox 605 513 774 566; x_wconf 71' lang='lat' dir='ltr'>Lausum.</span> 
     </span>
    </p>
   </div>
   <div class='ocr_carea' id='block_1_3' title="bbox 123 631 1233 3333">
    <p class='ocr_par' dir='ltr' id='par_1_3' title="bbox 123 631 1230 1136">
     <span class='ocr_line' id='line_1_4' title="bbox 123 631 1146 710; baseline -0.002 -18"><span class='ocrx_word' id='word_1_8' title='bbox 123 651 158 692; x_wconf 70' lang='lat'>1³1.</span> <span class='ocrx_word' id='word_1_9' title='bbox 245 631 330 693; x_wconf 90' lang='lat' dir='ltr'>¹Post</span> <span class='ocrx_word' id='word_1_10' title='bbox 357 637 422 692; x_wconf 91' lang='lat' dir='ltr'>haec</span> <span class='ocrx_word' id='word_1_11' title='bbox 448 636 583 692; x_wconf 89' lang='lat' dir='ltr'>videamus</span> <span class='ocrx_word' id='word_1_12' title='bbox 610 635 643 692; x_wconf 93' lang='lat' dir='ltr'>de</span> <span class='ocrx_word' id='word_1_13' title='bbox 668 636 775 710; x_wconf 85' lang='lat' dir='ltr'>legatis.</span> <span class='ocrx_word' id='word_1_14' title='bbox 825 652 894 710; x_wconf 90' lang='lat' dir='ltr'>quae</span> <span class='ocrx_word' id='word_1_15' title='bbox 908 651 971 709; x_wconf 92' lang='lat' dir='ltr'>pars</span> <span class='ocrx_word' id='word_1_16' title='bbox 986 637 1053 691; x_wconf 88' lang='lat' dir='ltr'>iuris</span> <span class='ocrx_word' id='word_1_17' title='bbox 1069 643 1146 692; x_wconf 80' lang='lat' dir='ltr'>extra</span> 
     </span>
     <span class='ocr_line' id='line_1_5' title="bbox 174 720 1230 798; baseline -0.004 -19"><span class='ocrx_word' id='word_1_18' title='bbox 174 723 344 798; x_wconf 76' lang='lat' dir='ltr'>propositam</span> <span class='ocrx_word' id='word_1_19' title='bbox 368 721 477 796; x_wconf 90' lang='lat' dir='ltr'>quidem</span> <span class='ocrx_word' id='word_1_20' title='bbox 498 722 638 776; x_wconf 77' lang='lat' dir='ltr'><strong>materiam</strong></span> <span class='ocrx_word' id='word_1_21' title='bbox 662 720 782 776; x_wconf 90' lang='lat' dir='ltr'>ridetur:</span> <span class='ocrx_word' id='word_1_22' title='bbox 808 737 868 776; x_wconf 89' lang='lat' dir='ltr'>nam</span> <span class='ocrx_word' id='word_1_23' title='bbox 891 721 1031 794; x_wconf 91' lang='lat' dir='ltr'>loquimur</span> <span class='ocrx_word' id='word_1_24' title='bbox 1051 720 1087 776; x_wconf 93' lang='lat' dir='ltr'>de</span> <span class='ocrx_word' id='word_1_25' title='bbox 1102 722 1145 776; x_wconf 91' lang='lat' dir='ltr'>his</span> <span class='ocrx_word' id='word_1_26' title='bbox 1229 757 1230 766; x_wconf 24' lang='grc' dir='ltr'><strong>η</strong></span> 
     </span>
     <span class='ocr_line' id='line_1_6' title="bbox 173 801 1230 882; baseline -0.004 -18"><span class='ocrx_word' id='word_1_27' title='bbox 173 809 240 864; x_wconf 89' lang='lat' dir='ltr'>iuris</span> <span class='ocrx_word' id='word_1_28' title='bbox 256 806 368 882; x_wconf 89' lang='lat' dir='ltr'>figuris,</span> <span class='ocrx_word' id='word_1_29' title='bbox 391 805 489 880; x_wconf 89' lang='lat' dir='ltr'>quihus</span> <span class='ocrx_word' id='word_1_30' title='bbox 509 823 559 880; x_wconf 90' lang='lat' dir='ltr'>per</span> <span class='ocrx_word' id='word_1_31' title='bbox 580 805 782 861; x_wconf 87' lang='lat' dir='ltr'>universitatem</span> <span class='ocrx_word' id='word_1_32' title='bbox 797 821 841 860; x_wconf 90' lang='lat' dir='ltr'>res</span> <span class='ocrx_word' id='word_1_33' title='bbox 856 804 934 861; x_wconf 89' lang='lat' dir='ltr'>nobis</span> <span class='ocrx_word' id='word_1_34' title='bbox 950 803 1143 879; x_wconf 81' lang='lat' dir='ltr'>adquiruntur.</span> <span class='ocrx_word' id='word_1_35' title='bbox 1229 801 1230 808; x_wconf 61' lang='lat'><em>&#39;</em></span> 
     </span>
     <span class='ocr_line' id='line_1_7' title="bbox 174 887 1147 964; baseline -0.005 -14"><span class='ocrx_word' id='word_1_36' title='bbox 174 893 222 950; x_wconf 89' lang='lat' dir='ltr'>sed</span> <span class='ocrx_word' id='word_1_37' title='bbox 244 909 305 949; x_wconf 91' lang='lat' dir='ltr'>cum</span> <span class='ocrx_word' id='word_1_38' title='bbox 328 891 438 946; x_wconf 91' lang='lat' dir='ltr'>omnino</span> <span class='ocrx_word' id='word_1_39' title='bbox 465 889 498 946; x_wconf 92' lang='lat' dir='ltr'>de</span> <span class='ocrx_word' id='word_1_40' title='bbox 520 891 688 946; x_wconf 73' lang='lat' dir='ltr'>testamentis</span> <span class='ocrx_word' id='word_1_41' title='bbox 709 889 796 964; x_wconf 83' lang='lat' dir='ltr'>deque</span> <span class='ocrx_word' id='word_1_42' title='bbox 813 887 971 962; x_wconf 84' lang='lat' dir='ltr'>heredibus,</span> <span class='ocrx_word' id='word_1_43' title='bbox 998 892 1046 964; x_wconf 92' lang='lat' dir='ltr'>qui</span> <span class='ocrx_word' id='word_1_44' title='bbox 1061 897 1147 946; x_wconf 90' lang='lat' dir='ltr'>testa·</span> 
     </span>
     <span class='ocr_line' id='line_1_8' title="bbox 174 974 1147 1048; baseline -0.005 -14"><span class='ocrx_word' id='word_1_45' title='bbox 174 985 266 1034; x_wconf 89' lang='lat' dir='ltr'>mento</span> <span class='ocrx_word' id='word_1_46' title='bbox 293 976 490 1046; x_wconf 89' lang='lat' dir='ltr'>instituuntur,</span> <span class='ocrx_word' id='word_1_47' title='bbox 516 974 602 1030; x_wconf 92' lang='lat' dir='ltr'>locuti</span> <span class='ocrx_word' id='word_1_48' title='bbox 621 991 730 1046; x_wconf 88' lang='lat' dir='ltr'>sumus,</span> <span class='ocrx_word' id='word_1_49' title='bbox 757 991 813 1030; x_wconf 91' lang='lat' dir='ltr'>non</span> <span class='ocrx_word' id='word_1_50' title='bbox 835 975 894 1030; x_wconf 90' lang='lat' dir='ltr'>sine</span> <span class='ocrx_word' id='word_1_51' title='bbox 921 991 1001 1030; x_wconf 89' lang='lat' dir='ltr'>causa</span> <span class='ocrx_word' id='word_1_52' title='bbox 1016 975 1147 1048; x_wconf 85' lang='lat' dir='ltr'>sequenti</span> 
     </span>
     <span class='ocr_line' id='line_1_9' title="bbox 176 1057 764 1136; baseline -0.009 -17"><span class='ocrx_word' id='word_1_53' title='bbox 176 1063 237 1119; x_wconf 89' lang='lat' dir='ltr'>loco</span> <span class='ocrx_word' id='word_1_54' title='bbox 253 1068 345 1136; x_wconf 90' lang='lat' dir='ltr'>potest</span> <span class='ocrx_word' id='word_1_55' title='bbox 361 1060 448 1116; x_wconf 88' lang='lat' dir='ltr'>haec</span> <span class='ocrx_word' id='word_1_56' title='bbox 440 1057 506 1114; x_wconf 91' lang='lat' dir='ltr'>ruris</span> <span class='ocrx_word' id='word_1_57' title='bbox 521 1061 631 1116; x_wconf 88' lang='lat' dir='ltr'>materia</span> <span class='ocrx_word' id='word_1_58' title='bbox 646 1059 764 1115; x_wconf 87' lang='lat' dir='ltr'>tractari</span> 
     </span>
    </p>

    <p class='ocr_par' dir='ltr' id='par_1_4' title="bbox 142 1141 1144 1219">
     <span class='ocr_line' id='line_1_10' title="bbox 142 1141 1144 1219; baseline -0.002 -19"><span class='ocrx_word' id='word_1_59' title='bbox 142 1162 156 1208; x_wconf 92' lang='lat'>1</span> <span class='ocrx_word' id='word_1_60' title='bbox 239 1146 371 1219; x_wconf 82' lang='lat' dir='ltr'>Legatum</span> <span class='ocrx_word' id='word_1_61' title='bbox 392 1145 484 1217; x_wconf 88' lang='lat' dir='ltr'>itaque</span> <span class='ocrx_word' id='word_1_62' title='bbox 508 1150 549 1200; x_wconf 87' lang='lat' dir='ltr'>est</span> <span class='ocrx_word' id='word_1_63' title='bbox 569 1144 680 1200; x_wconf 87' lang='lat' dir='ltr'>donatio</span> <span class='ocrx_word' id='word_1_64' title='bbox 701 1143 831 1218; x_wconf 90' lang='lat' dir='ltr'>quaedam</span> <span class='ocrx_word' id='word_1_65' title='bbox 852 1161 867 1198; x_wconf 94' lang='lat' dir='ltr'>a</span> <span class='ocrx_word' id='word_1_66' title='bbox 887 1143 1016 1199; x_wconf 79' lang='lat' dir='ltr'>defuncto</span> <span class='ocrx_word' id='word_1_67' title='bbox 1038 1141 1144 1199; x_wconf 86' lang='lat' dir='ltr'>relicta.</span> 
     </span>
    </p>

    <p class='ocr_par' dir='ltr' id='par_1_5' title="bbox 141 1227 1233 2235">
     <span class='ocr_line' id='line_1_11' title="bbox 141 1227 1231 1306; baseline -0.006 -18"><span class='ocrx_word' id='word_1_68' title='bbox 141 1241 157 1288; x_wconf 82' lang='lat'>2</span> <span class='ocrx_word' id='word_1_69' title='bbox 176 1230 231 1286; x_wconf 88' lang='lat' dir='ltr'>Sed</span> <span class='ocrx_word' id='word_1_70' title='bbox 246 1229 310 1285; x_wconf 93' lang='lat' dir='ltr'>olim</span> <span class='ocrx_word' id='word_1_71' title='bbox 327 1229 435 1302; x_wconf 88' lang='lat' dir='ltr'>quidem</span> <span class='ocrx_word' id='word_1_72' title='bbox 451 1236 527 1284; x_wconf 91' lang='lat' dir='ltr'>erant</span> <span class='ocrx_word' id='word_1_73' title='bbox 542 1228 694 1302; x_wconf 89' lang='lat' dir='ltr'>legatorum</span> <span class='ocrx_word' id='word_1_74' title='bbox 710 1243 811 1302; x_wconf 89' lang='lat' dir='ltr'>genera</span> <span class='ocrx_word' id='word_1_75' title='bbox 828 1235 971 1302; x_wconf 91' lang='lat' dir='ltr'>quattuor.</span> <span class='ocrx_word' id='word_1_76' title='bbox 992 1245 1043 1302; x_wconf 87' lang='lat' dir='ltr'>per</span> <span class='ocrx_word' id='word_1_77' title='bbox 1059 1227 1146 1284; x_wconf 91' lang='lat' dir='ltr'>vindi·</span> <span class='ocrx_word' id='word_1_78' title='bbox 1230 1295 1231 1306; x_wconf 10' lang='grc' dir='ltr'>χ</span> 
     </span>
     <span class='ocr_line' id='line_1_12' title="bbox 175 1311 1145 1387; baseline -0.003 -17"><span class='ocrx_word' id='word_1_79' title='bbox 175 1315 318 1385; x_wconf 73' lang='lat' dir='ltr'>ortionem,</span> <span class='ocrx_word' id='word_1_80' title='bbox 333 1329 382 1387; x_wconf 92' lang='lat' dir='ltr'>per</span> <span class='ocrx_word' id='word_1_81' title='bbox 397 1312 602 1384; x_wconf 79' lang='lat' dir='ltr'>damnationem,</span> <span class='ocrx_word' id='word_1_82' title='bbox 619 1311 722 1370; x_wconf 92' lang='lat' dir='ltr'>sinendi</span> <span class='ocrx_word' id='word_1_83' title='bbox 738 1312 830 1384; x_wconf 92' lang='lat' dir='ltr'>modo,</span> <span class='ocrx_word' id='word_1_84' title='bbox 845 1329 896 1387; x_wconf 92' lang='lat' dir='ltr'>per</span> <span class='ocrx_word' id='word_1_85' title='bbox 909 1314 1145 1386; x_wconf 80' lang='lat' dir='ltr'>praeceptionem:</span> 
     </span>
     <span class='ocr_line' id='line_1_13' title="bbox 175 1395 1145 1473; baseline -0.004 -17"><span class='ocrx_word' id='word_1_86' title='bbox 175 1405 202 1456; x_wconf 93' lang='lat' dir='ltr'>et</span> <span class='ocrx_word' id='word_1_87' title='bbox 217 1405 291 1456; x_wconf 90' lang='lat' dir='ltr'>certa</span> <span class='ocrx_word' id='word_1_88' title='bbox 318 1397 447 1472; x_wconf 86' lang='lat' dir='ltr'>quaedam</span> <span class='ocrx_word' id='word_1_89' title='bbox 475 1395 554 1452; x_wconf 88' lang='lat' dir='ltr'>verba</span> <span class='ocrx_word' id='word_1_90' title='bbox 580 1400 678 1472; x_wconf 89' lang='lat' dir='ltr'>cuique</span> <span class='ocrx_word' id='word_1_91' title='bbox 702 1398 797 1473; x_wconf 79' lang='lat' dir='ltr'>generi</span> <span class='ocrx_word' id='word_1_92' title='bbox 823 1397 977 1472; x_wconf 89' lang='lat' dir='ltr'>legatorum</span> <span class='ocrx_word' id='word_1_93' title='bbox 1002 1397 1145 1471; x_wconf 85' lang='lat' dir='ltr'>adsignata</span> 
     </span>
     <span class='ocr_line' id='line_1_14' title="bbox 176 1479 1145 1558; baseline -0.004 -18"><span class='ocrx_word' id='word_1_94' title='bbox 176 1489 268 1555; x_wconf 83' lang='lat' dir='ltr'>eraut,</span> <span class='ocrx_word' id='word_1_95' title='bbox 282 1499 332 1558; x_wconf 91' lang='lat' dir='ltr'>per</span> <span class='ocrx_word' id='word_1_96' title='bbox 347 1499 415 1556; x_wconf 91' lang='lat' dir='ltr'>quae</span> <span class='ocrx_word' id='word_1_97' title='bbox 430 1481 538 1556; x_wconf 89' lang='lat' dir='ltr'>singula</span> <span class='ocrx_word' id='word_1_98' title='bbox 553 1499 653 1556; x_wconf 88' lang='lat' dir='ltr'>genera</span> <span class='ocrx_word' id='word_1_99' title='bbox 669 1482 823 1556; x_wconf 89' lang='lat' dir='ltr'>legatorum</span> <span class='ocrx_word' id='word_1_100' title='bbox 838 1479 1071 1556; x_wconf 88' lang='lat' dir='ltr'>significabantur.</span> <span class='ocrx_word' id='word_1_101' title='bbox 1095 1481 1145 1536; x_wconf 92' lang='lat' dir='ltr'>sed</span> 
     </span>
     <span class='ocr_line' id='line_1_15' title="bbox 176 1565 1144 1642; baseline -0.003 -18"><span class='ocrx_word' id='word_1_102' title='bbox 176 1585 208 1624; x_wconf 81' lang='lat' dir='ltr'>ex</span> <span class='ocrx_word' id='word_1_103' title='bbox 224 1567 465 1625; x_wconf 85' lang='lat' dir='ltr'>constitutionibus</span> <span class='ocrx_word' id='word_1_104' title='bbox 486 1566 608 1624; x_wconf 90' lang='lat' dir='ltr'>divorum</span> <span class='ocrx_word' id='word_1_105' title='bbox 629 1567 781 1642; x_wconf 82' lang='lat' dir='ltr'>principum</span> <span class='ocrx_word' id='word_1_106' title='bbox 802 1566 969 1622; x_wconf 85' lang='lat' dir='ltr'>sollemnitas</span> <span class='ocrx_word' id='word_1_107' title='bbox 985 1565 1144 1622; x_wconf 90' lang='lat' dir='ltr'>huiusmodi</span> 
     </span>
     <span class='ocr_line' id='line_1_16' title="bbox 176 1645 1144 1726; baseline -0.004 -17"><span class='ocrx_word' id='word_1_108' title='bbox 176 1653 320 1709; x_wconf 91' lang='lat' dir='ltr'>verborum</span> <span class='ocrx_word' id='word_1_109' title='bbox 331 1653 441 1725; x_wconf 86' lang='lat' dir='ltr'>penitus</span> <span class='ocrx_word' id='word_1_110' title='bbox 457 1650 561 1706; x_wconf 89' lang='lat' dir='ltr'>sublata</span> <span class='ocrx_word' id='word_1_111' title='bbox 573 1660 623 1707; x_wconf 91' lang='lat' dir='ltr'>est.</span> <span class='ocrx_word' id='word_1_112' title='bbox 650 1659 743 1708; x_wconf 91' lang='lat' dir='ltr'>nostra</span> <span class='ocrx_word' id='word_1_113' title='bbox 755 1653 844 1707; x_wconf 80' lang='lat' dir='ltr'>autem</span> <span class='ocrx_word' id='word_1_114' title='bbox 854 1645 1047 1722; x_wconf 77' lang='lat' dir='ltr'>constitutio,²</span> <span class='ocrx_word' id='word_1_115' title='bbox 1063 1668 1144 1726; x_wconf 90' lang='lat' dir='ltr'>quam</span> 
     </span>
     <span class='ocr_line' id='line_1_17' title="bbox 176 1735 1232 1810; baseline -0.004 -16"><span class='ocrx_word' id='word_1_116' title='bbox 176 1754 237 1794; x_wconf 90' lang='lat' dir='ltr'>cum</span> <span class='ocrx_word' id='word_1_117' title='bbox 252 1753 349 1810; x_wconf 89' lang='lat' dir='ltr'>magna</span> <span class='ocrx_word' id='word_1_118' title='bbox 364 1735 475 1792; x_wconf 87' lang='lat' dir='ltr'>lecimus</span> <span class='ocrx_word' id='word_1_119' title='bbox 490 1735 688 1808; x_wconf 83' lang='lat' dir='ltr'>lucubratione,</span> <span class='ocrx_word' id='word_1_120' title='bbox 704 1735 896 1793; x_wconf 80' lang='lat' dir='ltr'>defunctorum</span> <span class='ocrx_word' id='word_1_121' title='bbox 911 1737 1065 1794; x_wconf 87' lang='lat' dir='ltr'>voluntates</span> <span class='ocrx_word' id='word_1_122' title='bbox 1080 1735 1145 1791; x_wconf 86' lang='lat' dir='ltr'>rali-</span> <span class='ocrx_word' id='word_1_123' title='bbox 1231 1775 1232 1804; x_wconf 75' lang='lat'>,</span> 
     </span>
     <span class='ocr_line' id='line_1_18' title="bbox 177 1819 1144 1896; baseline -0.003 -19"><span class='ocrx_word' id='word_1_124' title='bbox 177 1822 267 1877; x_wconf 90' lang='lat' dir='ltr'>diores</span> <span class='ocrx_word' id='word_1_125' title='bbox 283 1837 342 1876; x_wconf 90' lang='lat' dir='ltr'>esse</span> <span class='ocrx_word' id='word_1_126' title='bbox 363 1822 504 1896; x_wconf 90' lang='lat' dir='ltr'>cupientes</span> <span class='ocrx_word' id='word_1_127' title='bbox 529 1827 557 1876; x_wconf 89' lang='lat' dir='ltr'>et</span> <span class='ocrx_word' id='word_1_128' title='bbox 577 1837 632 1876; x_wconf 94' lang='lat' dir='ltr'>non</span> <span class='ocrx_word' id='word_1_129' title='bbox 654 1819 757 1892; x_wconf 87' lang='lat' dir='ltr'>verbis,</span> <span class='ocrx_word' id='word_1_130' title='bbox 779 1821 827 1878; x_wconf 87' lang='lat' dir='ltr'>scd</span> <span class='ocrx_word' id='word_1_131' title='bbox 842 1820 1027 1878; x_wconf 90' lang='lat' dir='ltr'>voluntatibus</span> <span class='ocrx_word' id='word_1_132' title='bbox 1047 1837 1144 1876; x_wconf 87' lang='lat' dir='ltr'>eorum</span> 
     </span>
     <span class='ocr_line' id='line_1_19' title="bbox 177 1903 1145 1980; baseline -0.001 -19"><span class='ocrx_word' id='word_1_133' title='bbox 177 1907 313 1977; x_wconf 80' lang='lat' dir='ltr'>faventes,</span> <span class='ocrx_word' id='word_1_134' title='bbox 329 1905 479 1979; x_wconf 89' lang='lat' dir='ltr'>disposuit,</span> <span class='ocrx_word' id='word_1_135' title='bbox 495 1912 525 1960; x_wconf 93' lang='lat' dir='ltr'>ut</span> <span class='ocrx_word' id='word_1_136' title='bbox 541 1903 665 1960; x_wconf 90' lang='lat' dir='ltr'>omnibus</span> <span class='ocrx_word' id='word_1_137' title='bbox 681 1905 778 1980; x_wconf 90' lang='lat' dir='ltr'>legatis</span> <span class='ocrx_word' id='word_1_138' title='bbox 800 1923 853 1962; x_wconf 90' lang='lat' dir='ltr'>una</span> <span class='ocrx_word' id='word_1_139' title='bbox 867 1907 902 1962; x_wconf 93' lang='lat' dir='ltr'>sit</span> <span class='ocrx_word' id='word_1_140' title='bbox 917 1914 1013 1962; x_wconf 89' lang='lat' dir='ltr'>natura</span> <span class='ocrx_word' id='word_1_141' title='bbox 1029 1913 1067 1976; x_wconf 84' lang='lat' dir='ltr'>et,</span> <span class='ocrx_word' id='word_1_142' title='bbox 1084 1906 1145 1978; x_wconf 89' lang='lat' dir='ltr'>qui·</span> 
     </span>
     <span class='ocr_line' id='line_1_20' title="bbox 177 1988 1144 2066; baseline -0.002 -20"><span class='ocrx_word' id='word_1_143' title='bbox 177 1991 447 2066; x_wconf 29' lang='lat' dir='ltr'>buscumque&#39;verbis</span> <span class='ocrx_word' id='word_1_144' title='bbox 472 1989 573 2064; x_wconf 90' lang='lat' dir='ltr'>aliquid</span> <span class='ocrx_word' id='word_1_145' title='bbox 600 1990 760 2046; x_wconf 88' lang='lat' dir='ltr'>derelictum</span> <span class='ocrx_word' id='word_1_146' title='bbox 782 1991 832 2062; x_wconf 85' lang='lat' dir='ltr'>sit,</span> <span class='ocrx_word' id='word_1_147' title='bbox 858 1989 936 2047; x_wconf 88' lang='lat' dir='ltr'>liceat</span> <span class='ocrx_word' id='word_1_148' title='bbox 962 1989 1098 2064; x_wconf 89' lang='lat' dir='ltr'>legatariis</span> <span class='ocrx_word' id='word_1_149' title='bbox 1113 1988 1144 2045; x_wconf 90' lang='lat' dir='ltr'>id</span> 
     </span>
     <span class='ocr_line' id='line_1_21' title="bbox 176 2074 1145 2150; baseline -0.001 -19"><span class='ocrx_word' id='word_1_150' title='bbox 176 2077 304 2150; x_wconf 90' lang='lat' dir='ltr'>persequi</span> <span class='ocrx_word' id='word_1_151' title='bbox 319 2092 375 2132; x_wconf 94' lang='lat' dir='ltr'>non</span> <span class='ocrx_word' id='word_1_152' title='bbox 391 2074 479 2130; x_wconf 90' lang='lat' dir='ltr'>solum</span> <span class='ocrx_word' id='word_1_153' title='bbox 494 2091 544 2149; x_wconf 91' lang='lat' dir='ltr'>per</span> <span class='ocrx_word' id='word_1_154' title='bbox 558 2076 679 2131; x_wconf 89' lang='lat' dir='ltr'>actiones</span> <span class='ocrx_word' id='word_1_155' title='bbox 694 2075 869 2149; x_wconf 90' lang='lat' dir='ltr'>personales,</span> <span class='ocrx_word' id='word_1_156' title='bbox 890 2075 938 2130; x_wconf 92' lang='lat' dir='ltr'>sed</span> <span class='ocrx_word' id='word_1_157' title='bbox 954 2076 1035 2130; x_wconf 90' lang='lat' dir='ltr'>etiam</span> <span class='ocrx_word' id='word_1_158' title='bbox 1049 2091 1099 2148; x_wconf 89' lang='lat' dir='ltr'>per</span> <span class='ocrx_word' id='word_1_159' title='bbox 1115 2075 1145 2130; x_wconf 92' lang='lat' dir='ltr'>in</span> 
     </span>
     <span class='ocr_line' id='line_1_22' title="bbox 176 2161 1233 2235; baseline -0.004 -18"><span class='ocrx_word' id='word_1_160' title='bbox 176 2179 233 2217; x_wconf 91' lang='lat' dir='ltr'>rem</span> <span class='ocrx_word' id='word_1_161' title='bbox 249 2169 277 2217; x_wconf 92' lang='lat' dir='ltr'>et</span> <span class='ocrx_word' id='word_1_162' title='bbox 291 2179 341 2235; x_wconf 90' lang='lat' dir='ltr'>per</span> <span class='ocrx_word' id='word_1_163' title='bbox 355 2161 589 2235; x_wconf 83' lang='lat' dir='ltr'>hypothecariam:</span> <span class='ocrx_word' id='word_1_164' title='bbox 604 2161 681 2216; x_wconf 91' lang='lat' dir='ltr'>cuius</span> <span class='ocrx_word' id='word_1_165' title='bbox 693 2161 896 2216; x_wconf 90' lang='lat' dir='ltr'>constitutionis</span> <span class='ocrx_word' id='word_1_166' title='bbox 906 2175 1070 2233; x_wconf 91' lang='lat' dir='ltr'>perpensum</span> <span class='ocrx_word' id='word_1_167' title='bbox 1086 2177 1145 2214; x_wconf 90' lang='lat' dir='ltr'>mo·</span> <span class='ocrx_word' id='word_1_168' title='bbox 1232 2219 1233 2232; x_wconf 48' lang='lat'>,</span> 
     </span>
    </p>

    <p class='ocr_par' dir='ltr' id='par_1_6' title="bbox 143 2243 1233 3333">
     <span class='ocr_line' id='line_1_23' title="bbox 143 2243 1233 2320; baseline -0.003 -19"><span class='ocrx_word' id='word_1_169' title='bbox 143 2262 159 2310; x_wconf 90' lang='lat'><strong>3</strong></span> <span class='ocrx_word' id='word_1_170' title='bbox 177 2246 240 2301; x_wconf 79' lang='lat' dir='ltr'>diam</span> <span class='ocrx_word' id='word_1_171' title='bbox 257 2247 389 2320; x_wconf 75' lang='lat' dir='ltr'>exipsius</span> <span class='ocrx_word' id='word_1_172' title='bbox 406 2253 501 2302; x_wconf 87' lang='lat' dir='ltr'>tenore</span> <span class='ocrx_word' id='word_1_173' title='bbox 516 2245 712 2319; x_wconf 84' lang='lat' dir='ltr'>perfectissime</span> <span class='ocrx_word' id='word_1_174' title='bbox 727 2245 848 2318; x_wconf 89' lang='lat' dir='ltr'>accipere</span> <span class='ocrx_word' id='word_1_175' title='bbox 863 2243 993 2317; x_wconf 90' lang='lat' dir='ltr'>posslbile</span> <span class='ocrx_word' id='word_1_176' title='bbox 1008 2252 1059 2299; x_wconf 90' lang='lat' dir='ltr'>est.</span> <span class='ocrx_word' id='word_1_177' title='bbox 1089 2243 1145 2298; x_wconf 83' lang='lat' dir='ltr'>Sed</span> <span class='ocrx_word' id='word_1_178' title='bbox 1232 2255 1233 2260; x_wconf 74' lang='grc'>’</span> 
     </span>
     <span class='ocr_line' id='line_1_24' title="bbox 177 2327 1142 2403; baseline -0.002 -18"><span class='ocrx_word' id='word_1_179' title='bbox 177 2347 233 2385; x_wconf 91' lang='lat' dir='ltr'>non</span> <span class='ocrx_word' id='word_1_180' title='bbox 248 2347 335 2403; x_wconf 89' lang='lat' dir='ltr'>usque</span> <span class='ocrx_word' id='word_1_181' title='bbox 350 2329 383 2384; x_wconf 90' lang='lat' dir='ltr'>ad</span> <span class='ocrx_word' id='word_1_182' title='bbox 399 2347 456 2386; x_wconf 88' lang='lat' dir='ltr'>eam</span> <span class='ocrx_word' id='word_1_183' title='bbox 471 2330 694 2386; x_wconf 87' lang='lat' dir='ltr'>constitutionem</span> <span class='ocrx_word' id='word_1_184' title='bbox 706 2327 830 2385; x_wconf 89' lang='lat' dir='ltr'>standum</span> <span class='ocrx_word' id='word_1_185' title='bbox 846 2345 906 2384; x_wconf 89' lang='lat' dir='ltr'>esse</span> <span class='ocrx_word' id='word_1_186' title='bbox 922 2329 1142 2384; x_wconf 82' lang='lat' dir='ltr'>existimavimus.</span> 
     </span>
     <span class='ocr_line' id='line_1_25' title="bbox 177 2411 1144 2488; baseline -0.001 -20"><span class='ocrx_word' id='word_1_187' title='bbox 177 2431 238 2468; x_wconf 89' lang='lat' dir='ltr'>cum</span> <span class='ocrx_word' id='word_1_188' title='bbox 254 2415 325 2468; x_wconf 93' lang='lat' dir='ltr'>enim</span> <span class='ocrx_word' id='word_1_189' title='bbox 341 2415 528 2488; x_wconf 91' lang='lat' dir='ltr'>antiquitatem</span> <span class='ocrx_word' id='word_1_190' title='bbox 550 2414 699 2468; x_wconf 88' lang='lat' dir='ltr'>invenimus</span> <span class='ocrx_word' id='word_1_191' title='bbox 719 2413 809 2488; x_wconf 87' lang='lat' dir='ltr'>legata</span> <span class='ocrx_word' id='word_1_192' title='bbox 831 2411 940 2488; x_wconf 90' lang='lat' dir='ltr'>quidem</span> <span class='ocrx_word' id='word_1_193' title='bbox 964 2413 1059 2468; x_wconf 90' lang='lat' dir='ltr'>stricte</span> <span class='ocrx_word' id='word_1_194' title='bbox 1079 2429 1144 2468; x_wconf 88' lang='lat' dir='ltr'>con·</span> 
     </span>
     <span class='ocr_line' id='line_1_26' title="bbox 177 2495 1145 2572; baseline -0.001 -19"><span class='ocrx_word' id='word_1_195' title='bbox 177 2496 348 2569; x_wconf 85' lang='lat' dir='ltr'>eludentem,</span> <span class='ocrx_word' id='word_1_196' title='bbox 374 2495 587 2553; x_wconf 90' lang='lat' dir='ltr'>fideicommissis</span> <span class='ocrx_word' id='word_1_197' title='bbox 614 2505 720 2570; x_wconf 86' lang='lat' dir='ltr'>autern,</span> <span class='ocrx_word' id='word_1_198' title='bbox 748 2515 816 2572; x_wconf 93' lang='lat' dir='ltr'>quae</span> <span class='ocrx_word' id='word_1_199' title='bbox 843 2514 876 2553; x_wconf 79' lang='lat' dir='ltr'>ex</span> <span class='ocrx_word' id='word_1_200' title='bbox 902 2498 1042 2554; x_wconf 87' lang='lat' dir='ltr'>voluntate</span> <span class='ocrx_word' id='word_1_201' title='bbox 1059 2499 1145 2571; x_wconf 87' lang='lat' dir='ltr'>magis</span> 
     </span>
     <span class='ocr_line' id='line_1_27' title="bbox 177 2579 1144 2658; baseline -0.001 -21"><span class='ocrx_word' id='word_1_202' title='bbox 177 2580 376 2638; x_wconf 90' lang='lat' dir='ltr'>descendebant</span> <span class='ocrx_word' id='word_1_203' title='bbox 390 2581 598 2654; x_wconf 83' lang='lat' dir='ltr'>defunctorum,</span> <span class='ocrx_word' id='word_1_204' title='bbox 618 2583 791 2658; x_wconf 86' lang='lat' dir='ltr'>pinguiorem</span> <span class='ocrx_word' id='word_1_205' title='bbox 806 2590 929 2639; x_wconf 89' lang='lat' dir='ltr'>naturam</span> <span class='ocrx_word' id='word_1_206' title='bbox 944 2579 1144 2656; x_wconf 87' lang='lat' dir='ltr'>indulgentem,</span> 
     </span>
     <span class='ocr_line' id='line_1_28' title="bbox 177 2659 1145 2742; baseline -0.001 -19"><span class='ocrx_word' id='word_1_207' title='bbox 177 2668 356 2726; x_wconf 88' lang='lat' dir='ltr'>necessarium</span> <span class='ocrx_word' id='word_1_208' title='bbox 372 2684 432 2724; x_wconf 90' lang='lat' dir='ltr'>esse</span> <span class='ocrx_word' id='word_1_209' title='bbox 448 2659 592 2722; x_wconf 83' lang='lat' dir='ltr'>durimus3</span> <span class='ocrx_word' id='word_1_210' title='bbox 615 2670 704 2724; x_wconf 90' lang='lat' dir='ltr'>onmia</span> <span class='ocrx_word' id='word_1_211' title='bbox 724 2668 813 2742; x_wconf 90' lang='lat' dir='ltr'>legata</span> <span class='ocrx_word' id='word_1_212' title='bbox 835 2667 1050 2724; x_wconf 87' lang='lat' dir='ltr'>fideicommissis</span> <span class='ocrx_word' id='word_1_213' title='bbox 1067 2683 1145 2722; x_wconf 83' lang='lat' dir='ltr'>erae·</span> 
     </span>
     <span class='ocr_line' id='line_1_29' title="bbox 179 2751 1145 2827; baseline -0.002 -18"><span class='ocrx_word' id='word_1_214' title='bbox 179 2769 277 2827; x_wconf 86' lang='lat' dir='ltr'>quare,</span> <span class='ocrx_word' id='word_1_215' title='bbox 294 2759 324 2808; x_wconf 94' lang='lat' dir='ltr'>ut</span> <span class='ocrx_word' id='word_1_216' title='bbox 338 2753 413 2808; x_wconf 89' lang='lat' dir='ltr'>nulla</span> <span class='ocrx_word' id='word_1_217' title='bbox 427 2753 464 2809; x_wconf 91' lang='lat' dir='ltr'>sit</span> <span class='ocrx_word' id='word_1_218' title='bbox 477 2754 550 2808; x_wconf 86' lang='lat' dir='ltr'>inter</span> <span class='ocrx_word' id='word_1_219' title='bbox 564 2769 594 2807; x_wconf 93' lang='lat' dir='ltr'>ea</span> <span class='ocrx_word' id='word_1_220' title='bbox 610 2752 773 2824; x_wconf 80' lang='lat' dir='ltr'>differentia,</span> <span class='ocrx_word' id='word_1_221' title='bbox 790 2753 838 2809; x_wconf 89' lang='lat' dir='ltr'>sed</span> <span class='ocrx_word' id='word_1_222' title='bbox 854 2753 927 2826; x_wconf 90' lang='lat' dir='ltr'>quod</span> <span class='ocrx_word' id='word_1_223' title='bbox 943 2751 1021 2809; x_wconf 87' lang='lat' dir='ltr'>deest</span> <span class='ocrx_word' id='word_1_224' title='bbox 1035 2753 1145 2826; x_wconf 76' lang='lat' dir='ltr'>legatiS,</span> 
     </span>
     <span class='ocr_line' id='line_1_30' title="bbox 178 2835 1149 2912; baseline 0 -20"><span class='ocrx_word' id='word_1_225' title='bbox 178 2838 231 2893; x_wconf 93' lang='lat' dir='ltr'>hoc</span> <span class='ocrx_word' id='word_1_226' title='bbox 245 2837 384 2912; x_wconf 88' lang='lat' dir='ltr'>repleatur</span> <span class='ocrx_word' id='word_1_227' title='bbox 405 2855 438 2894; x_wconf 85' lang='lat' dir='ltr'>ex</span> <span class='ocrx_word' id='word_1_228' title='bbox 452 2845 547 2894; x_wconf 89' lang='lat' dir='ltr'>natura</span> <span class='ocrx_word' id='word_1_229' title='bbox 562 2835 831 2894; x_wconf 89' lang='lat' dir='ltr'>fideicommissorum</span> <span class='ocrx_word' id='word_1_230' title='bbox 848 2846 889 2909; x_wconf 89' lang='lat' dir='ltr'>et,</span> <span class='ocrx_word' id='word_1_231' title='bbox 911 2839 933 2892; x_wconf 93' lang='lat' dir='ltr'>si</span> <span class='ocrx_word' id='word_1_232' title='bbox 949 2837 1014 2912; x_wconf 87' lang='lat' dir='ltr'>qnid</span> <span class='ocrx_word' id='word_1_233' title='bbox 1030 2837 1149 2910; x_wconf 52' lang='lat' dir='ltr'>amplius*</span> 
     </span>
     <span class='ocr_line' id='line_1_31' title="bbox 179 2919 1144 2996; baseline 0 -20"><span class='ocrx_word' id='word_1_234' title='bbox 179 2929 222 2976; x_wconf 90' lang='lat' dir='ltr'>est</span> <span class='ocrx_word' id='word_1_235' title='bbox 237 2923 264 2976; x_wconf 89' lang='lat' dir='ltr'>in</span> <span class='ocrx_word' id='word_1_236' title='bbox 279 2921 394 2994; x_wconf 83' lang='lat' dir='ltr'>legatis,</span> <span class='ocrx_word' id='word_1_237' title='bbox 415 2937 465 2996; x_wconf 91' lang='lat' dir='ltr'>per</span> <span class='ocrx_word' id='word_1_238' title='bbox 485 2923 537 2979; x_wconf 93' lang='lat' dir='ltr'>hoc</span> <span class='ocrx_word' id='word_1_239' title='bbox 552 2929 656 2978; x_wconf 88' lang='lat' dir='ltr'>crescat</span> <span class='ocrx_word' id='word_1_240' title='bbox 672 2919 873 2978; x_wconf 88' lang='lat' dir='ltr'>fideicommissi</span> <span class='ocrx_word' id='word_1_241' title='bbox 893 2929 998 2978; x_wconf 88' lang='lat' dir='ltr'>natura.</span> <span class='ocrx_word' id='word_1_242' title='bbox 1037 2921 1087 2977; x_wconf 89' lang='lat' dir='ltr'>sed</span> <span class='ocrx_word' id='word_1_243' title='bbox 1110 2937 1144 2976; x_wconf 92' lang='lat' dir='ltr'>ne</span> 
     </span>
     <span class='ocr_line' id='line_1_32' title="bbox 178 3003 1144 3080; baseline 0 -21"><span class='ocrx_word' id='word_1_244' title='bbox 178 3006 314 3078; x_wconf 91' lang='lat' dir='ltr'>inprimis</span> <span class='ocrx_word' id='word_1_245' title='bbox 330 3006 422 3080; x_wconf 87' lang='lat' dir='ltr'>legum</span> <span class='ocrx_word' id='word_1_246' title='bbox 434 3005 572 3063; x_wconf 90' lang='lat' dir='ltr'>cunabulis</span> <span class='ocrx_word' id='word_1_247' title='bbox 588 3007 721 3080; x_wconf 80' lang='lat' dir='ltr'>permixte</span> <span class='ocrx_word' id='word_1_248' title='bbox 736 3005 820 3062; x_wconf 89' lang='lat' dir='ltr'>dehis</span> <span class='ocrx_word' id='word_1_249' title='bbox 836 3005 996 3080; x_wconf 81' lang='lat' dir='ltr'>exponendo</span> <span class='ocrx_word' id='word_1_250' title='bbox 1012 3003 1144 3062; x_wconf 90' lang='lat' dir='ltr'>studiosis</span> 
     </span>
     <span class='ocr_line' id='line_1_33' title="bbox 179 3087 1145 3166; baseline 0.002 -22"><span class='ocrx_word' id='word_1_251' title='bbox 179 3087 396 3146; x_wconf 89' lang='lat' dir='ltr'>adulescentibus</span> <span class='ocrx_word' id='word_1_252' title='bbox 421 3091 553 3166; x_wconf 89' lang='lat' dir='ltr'>quandam</span> <span class='ocrx_word' id='word_1_253' title='bbox 575 3089 777 3147; x_wconf 90' lang='lat' dir='ltr'>introducamus</span> <span class='ocrx_word' id='word_1_254' title='bbox 807 3089 1011 3162; x_wconf 81' lang='lat' dir='ltr'>difficultatem,</span> <span class='ocrx_word' id='word_1_255' title='bbox 1045 3101 1145 3164; x_wconf 86' lang='lat' dir='ltr'>operae</span> 
     </span>
     <span class='ocr_line' id='line_1_34' title="bbox 177 3173 1144 3250; baseline 0.001 -21"><span class='ocrx_word' id='word_1_256' title='bbox 177 3176 296 3248; x_wconf 90' lang='lat' dir='ltr'>pretium</span> <span class='ocrx_word' id='word_1_257' title='bbox 311 3191 372 3231; x_wconf 86' lang='lat' dir='ltr'>esse</span> <span class='ocrx_word' id='word_1_258' title='bbox 387 3176 528 3248; x_wconf 80' lang='lat' dir='ltr'>duximus,</span> <span class='ocrx_word' id='word_1_259' title='bbox 554 3177 663 3231; x_wconf 91' lang='lat' dir='ltr'>interim</span> <span class='ocrx_word' id='word_1_260' title='bbox 689 3177 831 3249; x_wconf 89' lang='lat' dir='ltr'>separatim</span> <span class='ocrx_word' id='word_1_261' title='bbox 853 3177 930 3250; x_wconf 92' lang='lat' dir='ltr'>prius</span> <span class='ocrx_word' id='word_1_262' title='bbox 950 3173 1098 3249; x_wconf 87' lang='lat' dir='ltr'>delegatis</span> <span class='ocrx_word' id='word_1_263' title='bbox 1115 3183 1144 3230; x_wconf 91' lang='lat' dir='ltr'>ct</span> 
     </span>
     <span class='ocr_line' id='line_1_35' title="bbox 178 3259 1144 3333; baseline -0.002 -17"><span class='ocrx_word' id='word_1_264' title='bbox 178 3268 274 3333; x_wconf 90' lang='lat' dir='ltr'>postea</span> <span class='ocrx_word' id='word_1_265' title='bbox 297 3260 331 3316; x_wconf 90' lang='lat' dir='ltr'>de</span> <span class='ocrx_word' id='word_1_266' title='bbox 352 3259 565 3318; x_wconf 88' lang='lat' dir='ltr'>fideicommissis</span> <span class='ocrx_word' id='word_1_267' title='bbox 581 3268 711 3332; x_wconf 87' lang='lat' dir='ltr'>tractare,</span> <span class='ocrx_word' id='word_1_268' title='bbox 737 3268 769 3316; x_wconf 92' lang='lat' dir='ltr'>ut</span> <span class='ocrx_word' id='word_1_269' title='bbox 794 3269 890 3318; x_wconf 90' lang='lat' dir='ltr'>natura</span> <span class='ocrx_word' id='word_1_270' title='bbox 915 3261 1061 3333; x_wconf 89' lang='lat' dir='ltr'>utriusque</span> <span class='ocrx_word' id='word_1_271' title='bbox 1076 3261 1144 3314; x_wconf 88' lang='lat' dir='ltr'>iuris</span> 
     </span>
    </p>
   </div>
   <div class='ocr_carea' id='block_1_4' title="bbox 178 3454 1148 3589">
    <p class='ocr_par' dir='ltr' id='par_1_7' title="bbox 190 3454 1148 3589">
     <span class='ocr_line' id='line_1_36' title="bbox 248 3454 1148 3540; baseline -0.002 -29.975"><span class='ocrx_word' id='word_1_272' title='bbox 248 3456 394 3525; x_wconf 81' lang='lat' dir='ltr'>¹)=Gm&#39;.</span> <span class='ocrx_word' id='word_1_273' title='bbox 413 3461 438 3525; x_wconf 78' lang='grc'>2,</span> <span class='ocrx_word' id='word_1_274' title='bbox 452 3459 510 3512; x_wconf 82' lang='lat' dir='ltr'>tet.</span> <span class='ocrx_word' id='word_1_275' title='bbox 596 3457 670 3522; x_wconf 78' lang='lat' dir='ltr'>²)L.·</span> <span class='ocrx_word' id='word_1_276' title='bbox 690 3461 718 3510; x_wconf 93' lang='lat'>1.</span> <span class='ocrx_word' id='word_1_277' title='bbox 732 3458 761 3510; x_wconf 87' lang='lat'>0.</span> <span class='ocrx_word' id='word_1_278' title='bbox 787 3473 871 3508; x_wconf 86' lang='lat' dir='ltr'>comm.</span> <span class='ocrx_word' id='word_1_279' title='bbox 899 3459 931 3509; x_wconf 85' lang='lat' dir='ltr'>de</span> <span class='ocrx_word' id='word_1_280' title='bbox 960 3461 1007 3522; x_wconf 77' lang='lat' dir='ltr'>leg.</span> <span class='ocrx_word' id='word_1_281' title='bbox 1033 3454 1069 3524; x_wconf 86' lang='grc'>(6,</span> <span class='ocrx_word' id='word_1_282' title='bbox 1087 3454 1148 3540; x_wconf 77' lang='lat' dir='ltr'>ta)</span> 
     </span>
     <span class='ocr_line' id='line_1_37' title="bbox 178 3525 416 3589; baseline 0.018 -14.217"><span class='ocrx_word' id='word_1_283' title='bbox 178 3525 249 3589; x_wconf 86' lang='lat' dir='ltr'>³)L.</span> <span class='ocrx_word' id='word_1_284' title='bbox 268 3527 416 3582; x_wconf 78' lang='lat' dir='ltr'>2...Ceod</span> 
     </span>
    </p>
   </div>
   <div class='ocr_carea' id='block_1_5' title="bbox 0 0 1252 3916">
    <p class='ocr_par' dir='ltr' id='par_1_8' title="bbox 0 0 1252 3916">
     <span class='ocr_line' id='line_1_38' title="bbox 0 0 1252 3916; baseline 0 0"><span class='ocrx_word' id='word_1_285' title='bbox 0 0 1252 3916; x_wconf 95' lang='lat' dir='ltr'> </span> 
     </span>
    </p>
   </div>
  </div>
 </body>
</html>
