2486 3916
190 285 192 291 Ι
239 267 240 274 χ
279 227 316 264 nn
337 225 530 266 rsersuenrss
551 226 723 266 osnrusuun
742 214 779 276 ΙΙ,
800 215 840 267 10.
1008 205 1051 278 59

75 369 132 426 fide
148 369 313 444 possidetis,
334 369 377 424 vei
397 385 446 444 per
459 368 576 430 „liberam
590 385 751 443 personam,
768 385 836 442 quae
851 369 922 426 boun
937 369 990 428 tide
1005 387 1052 428 vo·
1132 371 1135 380 ’

74 453 121 528 bis
141 455 242 526 servit,
268 453 419 528 adquiritur
439 453 532 524 vobis,
556 454 707 510 sedetiam
733 456 886 528 possessio:
912 455 1052 528 loquimur

75 548 171 595 autem
184 540 214 596 iu
228 540 372 612 utriusque
387 554 506 612 persone
518 538 667 596 seeundum
677 535 876 610 definitionem,
892 555 972 614 quam
988 556 1053 613 pro·

76 625 150 680 xime
171 625 362 698 exposuimus,
383 623 473 679 idest
494 624 521 692 si
538 639 618 696 quem
638 624 839 695 possessionem
864 639 896 680 ex
917 640 947 680 re
962 631 1051 682 vestra

76 708 122 764 vei
135 725 171 764 ex
186 707 315 782 operibus
329 708 387 764 suis
402 707 492 780 adepti
508 707 619 764 luerint.
645 705 683 762 Es
698 707 739 764 his
754 708 845 780 itaque
859 703 986 781 apparet,
1000 725 1050 782 per
1068 718 1084 766 5

75 791 180 848 liberos
197 793 335 863 homines,
356 809 426 866 quos
442 792 533 866 usque
545 799 638 849 vestro
659 792 711 850 iuri
732 789 869 852 subiectos
885 791 988 850 hahetis
1003 809 1050 848 ue-

75 894 132 951 que
146 877 219 933 bone
239 870 292 934 sade
312 877 474 951 possidetis,
495 879 560 934 item
579 893 630 950 per
649 874 751 934 oderes
774 892 883 948 servos,
903 877 930 932 in
952 876 1049 950 quibus

74 977 169 1035 neque
183 961 383 1018 usumfructum
398 961 606 1036 muniensque
626 963 723 1018 iustnm
739 962 957 1036 possessiouem,
978 961 1052 1018 uuila

74 1062 207 1102 excausa
226 1045 303 1102 vohis
323 1046 430 1119 adquiri
450 1062 541 1120 posse.
578 1053 606 1102 et
626 1046 680 1102 hoo
700 1054 758 1117 est,
779 1045 854 1120 quod
868 1045 983 1116 dieitur,
1001 1062 1051 1119 per

74 1138 232 1187 extraneam
246 1146 390 1205 personam
405 1131 474 1187 nihii
487 1131 594 1204 adquiri
608 1144 706 1204 posse:
722 1137 837 1204 excepto
851 1147 896 1200 eo,
913 1130 986 1204 quod
1002 1147 1051 1204 per

9 1213 11 1218 ’
73 1213 189 1272 liberem
208 1225 353 1288 personam
374 1215 458 1272 veluti
477 1232 526 1290 per
546 1223 751 1288 proematorem
776 1215 866 1289 planet
885 1231 941 1272 uou
960 1215 1050 1274 solum

73 1299 241 1371 scientibus,
262 1299 312 1355 sed
332 1301 413 1356 etism
427 1299 615 1374 ignorantibus
631 1299 707 1356 vobis
723 1299 828 1373 adquiri
848 1301 1050 1373 possessiouem

30 1403 32 1410 ’
72 1383 228 1440 seeundum
242 1383 297 1440 divi
311 1383 404 1440 Severi
420 1385 642 1455 contitutionem
658 1392 686 1440 et
700 1401 750 1458 per
764 1385 833 1440 hane
847 1385 1050 1458 possessiouem

75 1469 163 1524 etiam
175 1467 330 1540 dominium,
344 1469 368 1525 si
379 1467 506 1526 domiuus
518 1468 581 1540 luit,
594 1470 641 1542 qui
654 1468 776 1540 tradidit,
788 1467 830 1523 vei
843 1485 893 1542 per
907 1469 1050 1541 usucapio·
1073 1462 1076 1466 ’

72 1543 162 1608 uem¹
177 1559 223 1608 aut
237 1553 315 1628 longi
330 1555 462 1627 temporis
477 1554 736 1628 praescriptionem,
750 1555 774 1608 si
789 1551 914 1608 domiuus
931 1568 989 1608 nou
1004 1553 1048 1608 sit.

121 1629 296 1694 ,²Hacteuus
316 1639 448 1713 tantisper
467 1637 641 1694 admonuisse
665 1635 797 1708 sufficiat,
824 1635 1049 1710 quemadmodtmr
1068 1647 1084 1696 6

72 1722 201 1796 singulae
224 1739 268 1802 res
293 1723 487 1796 adquiruntur:
512 1739 573 1778 uam
597 1723 752 1797 legatorum
772 1723 832 1794 ius,
858 1738 913 1796 quo
934 1729 963 1777 et
988 1714 1048 1796 ips'o

73 1806 203 1881 singulae
222 1803 363 1864 res'vobis
386 1807 580 1882 adquiruntur:
608 1809 676 1864 item'
694 1805 980 1878 fideieommissorum,
1002 1805 1049 1862 ubi

72 1891 203 1965 singulae
228 1907 272 1948 res
293 1890 369 1948 volsis
395 1892 603 1965 relinquuntur,
631 1893 813 1966 opportunius
839 1891 962 1948 inferiori
987 1891 1049 1946 looo

71 1975 237 2032 referemus.
266 1975 403 2033 videamus
417 1977 509 2050 itaque
523 1993 612 2047 nune,
633 1975 731 2049 quibus
748 1975 834 2031 modis
855 1992 904 2048 per
918 1976 1050 2031 universi-

72 2067 160 2116 tatem
179 2077 225 2116 res
246 2059 323 2116 vohis
342 2060 534 2134 adquiruntur.
572 2061 597 2116 si
618 2061 662 2116 eui
682 2076 748 2132 ergo
773 2058 887 2114 heredes
908 2059 972 2114 faeti
988 2059 1048 2114 sitis

71 2143 130 2200 siue
144 2146 225 2200 euius
239 2143 376 2203 honorum
390 2146 592 2218 possessiouem
607 2144 740 2218 petieritis
750 2141 793 2197 vel
806 2143 830 2197 si
844 2157 926 2214 quem
935 2141 1049 2213 adroga-

71 2229 169 2286 veritis
190 2228 235 2285 vel
255 2231 279 2284 si
293 2231 371 2285 euius
386 2229 458 2285 bona
473 2227 627 2286 tiberinum
643 2225 887 2284 conservandarum
908 2241 988 2281 eausa
1002 2241 1049 2280 vo-

72 2312 113 2368 bis
129 2313 239 2370 addicta
251 2313 371 2386 luerint,
393 2315 450 2370 eius
465 2329 509 2370 res
526 2329 620 2369 omnes
635 2311 668 2368 ad
683 2328 732 2368 vos
746 2318 896 2366 transeunt.
926 2327 959 2366 ae
972 2309 1048 2383 prius

73 2397 107 2454 de
130 2397 329 2454 hereditatibus
356 2398 536 2472 dispiciamus.
579 2413 690 2471 quarum
717 2395 818 2470 duplex
841 2394 964 2452 ooudioio
991 2403 1048 2450 est:

73 2499 137 2540 nam
152 2483 197 2539 vel
216 2495 256 2538 ex·
266 2491 430 2539 testamento
445 2483 488 2538 vel
511 2481 543 2538 ah
563 2485 693 2552 intestato
714 2480 747 2536 ad
769 2496 817 2536 vos
838 2481 985 2554 pertinent.
1021 2487 1049 2534 et

73 2569 150 2640 prius
172 2575 231 2640 est,
254 2575 286 2624 ut
303 2567 339 2623 de
359 2568 401 2622 his
422 2567 610 2641 dispiciamus,
636 2583 706 2640 quoe
732 2563 807 2622 vobis
829 2581 862 2620 en
883 2571 1048 2620 testamento

74 2650 234 2708 obveniunt.
272 2669 328 2726 qua
351 2653 380 2708 iu
400 2668 430 2707 re
450 2653 632 2708 neoessnium
651 2658 711 2722 est,
737 2651 814 2705 initio
837 2649 870 2704 de
892 2647 1047 2704 ordinandis

73 2737 246 2792 testamentis
262 2753 408 2811 exponere.

510 2933 567 2972 TIT.
580 2932 609 2973 X.

270 3038 322 3088 DE
341 3035 595 3088 TESTAMENTIS
615 3031 852 3088 ORDINANDIS.

121 3145 344 3234 ''Testamentum
364 3177 397 3216 en
410 3137 632 3232 eoappellatur,
654 3155 728 3231 quod
748 3157 859 3212 testatio
879 3157 979 3212 mentis
995 3161 1046 3211 est.
1065 3172 1100 3212 ur.

136 3245 192 3302 Sed
212 3254 245 3302 ut
265 3245 333 3302 nihii
353 3243 521 3318 antiquitatis
536 3245 645 3316 penitus
666 3243 825 3316 ignoretur,
840 3240 982 3298 soieudum
995 3246 1048 3310 est,
1069 3240 1082 3286 l

145 3443 164 3512 ¹)
184 3461 236 3512 per
253 3444 454 3508 usucapionem
465 3442 561 3506 scripsi
572 3430 608 3490 eae
623 3429 734 3503 Tdeoplt.
748 3439 946 3502 usucapionem
964 3450 1049 3486 omnes

80 3514 149 3564 codd.
168 3521 194 3565 et
213 3515 273 3564 edd.
343 3507 365 3578 ²)
384 3531 417 3552 =
437 3511 494 3561 Gai.
512 3511 536 3568 2,
555 3509 686 3562 et...1oo
703 3512 762 3558 mut.
