2484 3916
191 247 233 314 94
323 264 358 298 na
379 262 664 299 rnnarcounrssaaus
684 260 915 297 praeparamus
934 247 1034 312 11,23.

191 405 280 481 bptnr.
312 421 379 480 qnae
395 406 498 479 species
513 404 597 478 legati
611 405 721 477 partitio
734 401 893 474 vocabatur,
909 403 972 476 qnia
987 419 1047 458 cum
1064 401 1161 458 herede

191 491 335 564 legatarius
355 487 523 563 partiebatur
543 487 729 544 hereditatem.
766 487 838 544 unde
854 503 922 560 quae
938 485 1063 542 solebant
1077 488 1161 560 stipu-

191 575 306 633 lationes
322 576 394 629 inter
406 571 532 629 heredem
544 580 571 627 et
586 573 742 645 partiarinm
758 571 917 648 legatarium
933 572 1088 644 interponi,
1104 587 1161 626 eae·

192 657 252 714 dem
267 656 509 732 interponebantur
528 658 601 712 inter
615 672 693 726 eum,
714 656 760 730 qni
776 673 808 711 en
831 653 1039 711 fideicommisso
1060 657 1162 728 recepit

191 741 380 813 hereditatem,
396 749 424 798 et
438 739 576 812 heredem,
591 739 619 794 id
634 747 677 795 est
691 747 722 796 nt
737 747 765 796 et
780 740 884 796 lucrum
901 748 929 795 ct
943 739 1071 794 damnum
1086 739 1162 795 here·
1229 799 1230 810 ,

157 833 173 881 6
191 825 315 884 ditarium
330 841 381 900 pro
397 833 453 880 rata
469 832 544 898 parte
559 826 631 880 inter
642 841 690 880 eos
701 841 843 881 commune
854 825 898 880 sit.
930 821 1003 897 Ergo
1018 825 1041 879 si
1055 821 1162 898 quidem

192 927 247 968 non
267 911 329 984 plus
353 926 432 984 quam
453 908 611 964 dodrantem
632 908 789 964 hereditatis
810 911 929 982 scriptus
953 909 1034 964 heres
1050 917 1162 982 rogatus

191 996 226 1052 sit
240 997 401 1064 restituere,
423 1001 488 1048 tunc
505 1009 537 1048 ex
552 992 722 1049 'lrebelliano
738 991 979 1048 senatusconsulto
1000 991 1164 1048 restitueba-

192 1089 237 1135 tur
259 1079 393 1135 hereditas
415 1085 442 1133 et
468 1079 495 1133 iu
522 1085 667 1150 utrumque
689 1079 808 1133 actiones
829 1076 1009 1133 hereditariae
1034 1085 1163 1150 prorata

191 1169 267 1236 parte
289 1162 434 1218 dabantur:
457 1163 484 1218 in
505 1161 631 1217 heredem
653 1161 761 1234 quidem
781 1163 840 1218 iure
856 1162 942 1233 civili,
965 1163 993 1216 in
1008 1177 1072 1216 eum
1088 1177 1164 1232 vero,

192 1248 238 1319 qni
254 1246 399 1320 recipiebat
414 1245 601 1317 hereditatem,
617 1263 649 1301 es
660 1246 899 1306 senatusconsulto
912 1244 1085 1302 'Prebelliano
1098 1253 1164 1300 tam·

192 1347 272 1403 quam
286 1332 314 1388 iu
330 1330 466 1387 heredem.
498 1337 525 1386 at
539 1332 563 1386 si
577 1331 638 1403 plns
655 1347 733 1402 quam
750 1329 908 1386 dodrantem
924 1330 966 1386 rel
981 1331 1063 1386 etiam
1078 1337 1164 1386 totam
1229 1323 1230 1384 i

191 1415 369 1471 hereditatem
389 1417 535 1471 restituere
550 1422 664 1488 rogatus
680 1415 730 1484 sit,
752 1415 829 1471 loeus
845 1425 902 1470 erat
917 1413 1069 1488 Pegasiano
1087 1431 1165 1470 sena·
1229 1403 1230 1482 I

192 1499 379 1571 tusconsnlto,
401 1507 428 1555 et
443 1500 539 1570 heres,
562 1499 608 1572 qui
623 1498 707 1554 semel
722 1497 816 1555 adierit
831 1499 1025 1569 hereditatem,
1043 1501 1066 1554 si
1081 1498 1165 1554 modo
1229 1487 1230 1536 l

192 1600 241 1639 sua
256 1583 393 1640 voluntate
408 1583 519 1654 adierit,
541 1584 596 1638 sive
617 1585 760 1638 retinuerit
781 1591 902 1657 quartam
919 1592 1027 1657 partem
1041 1585 1097 1638 sive
1114 1600 1164 1638 no-

191 1668 273 1724 luerit
287 1670 421 1738 retinere,
436 1669 494 1742 ipse
512 1670 634 1723 universa
649 1683 731 1722 onera
746 1668 907 1724 hereditaria
922 1666 1083 1723 sustinebat.
1116 1667 1164 1722 sed

193 1759 287 1824 quarta
302 1751 410 1826 quidem
426 1759 546 1823 retenta,
568 1751 644 1824 qnasi
663 1754 748 1823 partis
765 1759 792 1808 et
812 1771 863 1827 pro
878 1762 955 1827 parte
970 1751 1164 1824 stipulationes

191 1835 434 1910 interponebantur
455 1845 588 1910 tamqnam
608 1836 679 1890 inter
692 1838 847 1908 partiarinm
864 1837 1025 1912 legatarium
1043 1846 1070 1894 et
1085 1837 1165 1892 here·

192 1921 269 1977 dem:
285 1923 308 1977 si
324 1937 387 1976 vero
404 1929 488 1977 totam
504 1917 680 1976 hereditatem
695 1922 860 1995 restituerit,
877 1931 983 1996 emptae
998 1929 1027 1976 et
1039 1919 1164 1978 venditae

191 2006 348 2062 hereditatis
368 2005 558 2079 stipulationes
573 2003 826 2077 interponebantur.
863 2006 911 2062 sed
932 2009 955 2063 si
970 2013 1080 2061 recuset
1093 2006 1164 2060 scri-

191 2099 254 2164 ptus
277 2092 356 2146 heres
376 2089 449 2146 adire
465 2089 640 2145 hereditatem
656 2087 690 2144 ob
705 2089 747 2160 hl,
770 2091 842 2164 quod
862 2091 948 2169 dicat,
970 2106 1029 2145 eam
1049 2089 1100 2146 sibi
1120 2107 1165 2144 su·
1228 2099 1229 2142 t

83 2175 86 2180 '
191 2183 311 2248 spectem
327 2191 387 2230 esse
409 2175 484 2248 qnasi
500 2173 670 2242 damnosam,
691 2183 802 2230 cavetur
815 2173 963 2251 Pegasiano
984 2181 1165 2230 senatuscon-

192 2259 281 2330 sulto,
306 2268 336 2315 nt
357 2259 525 2315 desiderante
546 2275 595 2330 eo,
621 2260 664 2314 cni
686 2260 833 2316 restituere
859 2268 974 2335 rogatus
1003 2267 1060 2331 est,
1085 2261 1165 2314 iussu

191 2345 325 2416 praetoris
346 2343 423 2398 adeat
443 2352 470 2398 et
495 2344 621 2398 restituat
646 2341 823 2400 hereditatem
846 2345 1015 2420 perindeque
1036 2345 1061 2398 ei
1082 2351 1109 2399 et
1136 2345 1164 2397 in

193 2443 269 2497 eum,
286 2427 332 2500 qni
347 2427 444 2498 recipit
458 2425 645 2496 hereditatem,
660 2427 780 2486 actiones
795 2427 905 2498 dentur,
921 2431 975 2485 acsi
990 2429 1058 2486 iuris
1072 2435 1114 2484 est
1130 2443 1165 2482 cx

193 2509 360 2566 Trebelliano
386 2510 637 2567 senatusconsulto:
663 2526 717 2585 quo
744 2529 806 2570 casu
832 2513 914 2571 nullis
940 2511 1164 2589 stipulationibus

193 2611 261 2668 opus
278 2602 334 2665 est,
355 2595 417 2668 quia
436 2593 516 2650 simul
531 2601 560 2649 et
575 2593 652 2668 huic,
674 2598 721 2670 qui
734 2600 871 2669 restituit,
892 2601 1024 2654 securitas
1040 2599 1122 2655 datur
1138 2607 1167 2654 et

192 2679 311 2736 actiones
335 2677 512 2735 hereditariae
532 2679 557 2734 ei
578 2689 605 2735 et
624 2683 652 2738 in
673 2697 733 2738 enm
755 2683 971 2755 transferuntur,
999 2685 1045 2757 qui
1065 2684 1167 2756 recipit

191 2759 381 2835 hereditatem,
403 2771 521 2837 utroque
542 2765 778 2823 senatusconsulto
804 2770 832 2824 in
855 2769 905 2824 hac
931 2770 1021 2842 specie
1047 2783 1167 2824 concur·

159 2849 278 2904 trente.
324 2847 377 2907 Sed
399 2849 460 2922 qma
480 2847 669 2922 stipulationes
689 2868 721 2907 ex
747 2853 984 2910 senatusconsulto
1011 2851 1166 2926 Pegasiano

192 2930 388 2988 descendentes
397 2940 424 2988 et
439 2934 490 3007 ipsi
504 2937 658 3008 antiquitati
670 2935 865 3010 displicuerunt
879 2945 907 2994 et
922 2935 1082 3012 quibusdam
1094 2937 1166 2991 casi·
1227 2955 1228 2992 t

193 3013 242 3070 bus
258 3017 392 3090 captiosas
408 3033 452 3074 eas
475 3019 555 3076 homo
576 3019 674 3082 excelsi
694 3023 798 3095 ingenii
813 3021 972 3096 Papinianus
994 3021 1113 3096 appellat
1137 3030 1167 3075 et
1227 3009 1228 3082 l

192 3098 270 3155 nobis
286 3101 314 3156 in
329 3100 434 3176 legibus
449 3105 534 3179 magis
550 3105 708 3179 simplicitas
724 3121 803 3180 qnam
819 3103 963 3163 difficultas
978 3107 1080 3180 placet,
1095 3104 1165 3159 ideo

194 3184 317 3240 omnibus
340 3185 417 3244 nobis
435 3189 578 3264 'suggestis
598 3197 652 3245 tam
666 3189 883 3248 similitudinibus
906 3207 985 3266 quam
1001 3189 1168 3246 differentiis

194 3270 335 3342 utriusque
365 3273 607 3342 senatusconsulti,
636 3269 752 3347 placuit¹
784 3276 897 3350 exploso
921 3273 1167 3332 senatusconsulto

193 3433 397 3456 *runnu—-ua-

264 3533 283 3598 ¹)
301 3539 478 3588 constitutione
499 3525 636 3602 Theophila
653 3539 677 3594 lt.
695 3541 713 3588 l.
732 3541 850 3602 laudata,
870 3555 934 3606 quae
950 3542 1038 3604 periit.
