2484 3916
122 233 125 237 ·
181 203 226 269 54
483 217 519 252 nn
538 213 749 252 nosarsomsos
768 199 803 258 11,
823 201 846 249 7.

184 369 229 417 tus
251 361 459 416 insinuationem
478 356 538 414 fleri
557 359 667 414 minime
680 355 851 426 desiderant,
872 353 921 410 sed
936 355 964 410 in
979 369 1011 408 se
1033 351 1153 425 pienissi-

183 461 253 502 mam
278 444 379 500 babent
403 442 565 498 firmitatem.
608 442 660 497 alia
687 443 799 516 insuper
826 439 913 496 multa
938 437 973 494 ad
1002 435 1152 492 uberiorem

184 531 286 585 exitum
306 529 482 584 donadonem
501 528 668 596 invenimus,
691 541 761 599 quae
782 525 872 582 onmia
886 540 920 580 ex
935 522 1042 579 nostris
1058 521 1153 576 consti

147 609 149 612 ’
183 612 350 683 tutioribus,
370 629 436 686 quas
457 628 541 686 super
561 612 603 668 his
617 612 775 685 posuimus,
795 607 950 683 colligenda
964 613 1042 663 sumt.
1074 606 1152 661 scien·

184 698 249 754 dum
263 705 353 754 umen
368 705 425 766 est,
442 696 532 770 quod,
547 697 600 752 etsi
614 695 785 769 plenissimae
799 695 855 750 sint
870 691 1053 760 donationes,
1070 697 1153 750 tamen

183 784 208 838 si
223 783 323 856 ingrati
339 783 455 838 existant
475 781 614 851 homines,
634 781 663 835 in
684 795 754 852 qnos
774 776 936 834 beneficium
957 775 1090 833 collatum
1106 781 1152 844 est,

183 865 361 924 donatoribus
381 883 431 940 per
446 873 567 922 nostram
588 855 832 920 constitutionem¹
853 862 991 918 licentiam
1012 859 1153 934 praestavi·

183 967 244 1006 mus
264 952 346 1007 certis
367 967 400 1006 er
421 950 509 1006 causis
530 965 574 1004 eas
595 965 739 1018 revocare,
758 963 810 1018 ne,
834 947 880 1020 qui
900 963 965 1002 suas
985 961 1034 1000 res
1049 945 1078 998 in
1093 941 1152 998 aiios

184 1035 375 1105 contuleruut,
396 1033 428 1089 ab
449 1034 492 1088 his
513 1031 645 1105 quandam
666 1033 802 1106 patiuntur
816 1031 941 1086 iniuriam
955 1029 1002 1086 vel
1017 1030 1152 1097 iacturam,

150 1120 166 1168 3
183 1118 333 1174 secuudum
353 1125 526 1174 enumeratos
542 1117 575 1174 ¹in
594 1123 689 1173 nocua
704 1117 902 1172 constitutione
921 1115 1034 1170 modos.
1071 1111 1117 1166 Est
1130 1118 1153 1166 et

184 1201 257 1256 aliud
278 1217 365 1274 genus
385 1203 457 1258 inter
478 1201 553 1256 vivos
574 1201 766 1270 donationum,
792 1199 866 1273 quod
888 1197 1029 1255 veteribus
1042 1195 1152 1270 ¹quidem

182 1283 363 1358 prudentibus
382 1287 491 1359 penitus
513 1291 570 1340 erat
584 1286 771 1360 incognitum,
792 1291 888 1358 postea
907 1289 1000 1339 autem
1017 1299 1031 1338 a
1048 1281 1153 1338 iuniori·

182 1368 234 1425 bus
250 1369 317 1426 divis
332 1369 497 1444 principibus
512 1367 698 1426 introductum
713 1377 770 1440 est,
787 1367 861 1442 quod
876 1375 938 1424 ante
952 1367 1067 1440 nuptias
1082 1381 1151 1419 vora·

182 1452 263 1510 batur
283 1462 311 1510 et
331 1456 439 1512 tacitam
460 1456 539 1510 inse
559 1449 747 1510 condicionem
765 1449 896 1522 habebat,
923 1458 955 1506 ut
981 1459 1052 1506 tunc
1072 1455 1152 1504 ratum

183 1546 272 1609 esset,
295 1556 356 1596 cum
378 1539 578 1594 matrimonium
599 1536 682 1594 fuerit
702 1537 869 1594 insecutum:
888 1533 1010 1608 ideoque
1032 1541 1095 1590 aute
1109 1549 1151 1587 nn-

181 1623 253 1696 ptias
268 1621 463 1698 appellabatur,
478 1621 553 1696 quod
569 1629 630 1677 ante
645 1621 845 1678 matrimonium
860 1617 1033 1678 efficiebatur
1048 1625 1076 1676 et
1090 1634 1150 1674 nun·

183 1699 283 1777 quam²
308 1713 372 1780 post
393 1705 499 1778 nuptias
523 1705 668 1761 celebratas
689 1705 750 1761 talis
766 1705 876 1762 donatio
895 1701 1075 1779 procedebat.
1109 1700 1150 1756 scd

181 1789 286 1860 primus
302 1788 409 1861 quidem
425 1788 502 1844 divus
517 1787 646 1860 lustinus,
666 1797 869 1863 paternoster,
889 1806 951 1845 cum
967 1789 1066 1864 augeri
1080 1785 1149 1842 dotes

182 1879 211 1926 et
230 1879 295 1944 post
314 1873 422 1944 nuptias
442 1871 531 1928 iuerat
553 1874 730 1946 permissum,
749 1874 775 1930 si
795 1873 860 1948 qnid
877 1873 931 1929 tale
947 1875 1056 1943 evenit,
1078 1872 1149 1926 etiarn

181 1961 245 2010 ante
265 1957 372 2030 nuptias
394 1955 568 2013 donationem
588 1959 681 2030 augeri
700 1965 728 2013 et
747 1966 889 2014 constante
910 1957 1088 2014 matrimonio
1107 1970 1149 2010 sna

181 2033 399 2097 corastituu'oue3
414 2042 551 2115 permisit:
572 2041 620 2097 sed
637 2049 724 2098 umen
739 2058 838 2098 nomen
857 2028 1056 2100 inconveniens
1071 2054 1148 2096 rema·

179 2122 273 2194 nebat,
289 2141 352 2182 cum
366 2133 429 2182 ante
443 2127 551 2200 nuptias
566 2126 675 2200 wem
689 2126 844 2198 vocabatur,
859 2135 924 2200 post
938 2128 1051 2200 nuptias
1065 2132 1148 2182 autem

180 2207 235 2263 tale
256 2209 400 2284 accipiebat
420 2211 624 2266 incrementum.
663 2211 711 2267 sed
731 2227 782 2268 nos
802 2211 963 2286 plenissimo
982 2209 1034 2266 dni
1049 2207 1148 2266 tradere

180 2294 336 2350 sanctiones
358 2295 499 2366 cupientes
521 2301 550 2350 ct
570 2297 765 2367 consequentia
783 2296 894 2351 nomina
913 2295 996 2352 rebus
1015 2312 1078 2352 esse
1096 2299 1147 2348 stu·

179 2372 293 2446 dentes,
309 2372 532 2447 constituimus,4
550 2385 581 2432 ut
596 2378 664 2434 tales
679 2378 839 2436 donationes
854 2395 912 2436 non
927 2387 1083 2455 augeantur
1095 2385 1147 2432 tau·

179 2461 253 2527 tum,
276 2459 325 2514 sed
346 2467 375 2514 et
395 2467 537 2516 constante
559 2462 730 2518 matrimonio
755 2465 861 2536 initium
887 2465 1020 2538 accipiant
1045 2471 1074 2520 et
1098 2475 1147 2518 non

180 2546 244 2594 ante
259 2545 382 2616 nuptias,
402 2543 452 2599 sed
471 2551 585 2618 propter
599 2547 706 2618 nuptias
724 2556 858 2606 vocentur
872 2555 902 2604 et
920 2547 1035 2606 dotibus
1056 2550 1085 2604 in
1100 2546 1146 2602 boo

179 2635 380 2698 exaequentur,
406 2635 452 2697 nt,
477 2628 703 2702 quemadmodum
730 2631 808 2687 dotes
834 2640 863 2688 et
888 2640 1034 2690 constante
1062 2629 1146 2688 matri·

179 2710 273 2766 monio
293 2729 350 2772 non
370 2711 460 2768 solum
480 2720 632 2786 augentur,
651 2714 700 2770 sed
716 2716 794 2770 ctiam
810 2715 896 2787 dunt,
917 2719 956 2774 ita
970 2726 999 2774 et
1020 2720 1088 2774 istae
1103 2713 1145 2769 do-

179 2793 319 2868 nationes,
342 2811 411 2870 quae
430 2803 544 2869 propter
563 2799 669 2870 nuptias
689 2798 861 2857 introductae
880 2809 963 2874 mant,
983 2787 1042 2859 non
1063 2799 1146 2857 solun

178 2878 340 2936 antecedant
354 2881 570 2954 matrimonium,
591 2882 639 2938 sed
654 2883 733 2938 etiam
748 2899 781 2939 eo
797 2894 939 2942 contracto
955 2895 983 2943 et
998 2892 1145 2962 augeantur

179 2963 207 3010 et
224 2964 434 3020 constituantur.

142 3040 160 3089 4
234 3083 236 3088 -
262 3041 326 3102 Erat
341 3047 405 3103 olim
421 3056 447 3104 et
463 3049 530 3106 alius
546 3049 642 3106 modus
658 3051 742 3107 civilis
762 3026 953 3126 adquisitionis
975 3073 1026 3130 per
1046 3057 1088 3110 ius
1104 3050 1143 3108 ad·

177 3127 331 3202 crescendi,
349 3132 422 3204 quod
438 3141 480 3192 est
495 3134 562 3191 tale:
584 3135 608 3190 si
626 3151 794 3193 communem
808 3155 918 3195 servum
933 3139 1035 3196 habens
1052 3136 1141 3210 aliquis

178 3253 381 3272 κ-
428 3267 430 3272 .

206 3355 208 3359 ·
245 3339 265 3402 1)
284 3345 318 3394 h.
338 3327 380 3399 ro,
396 3349 425 3400 0.
443 3352 476 3400 de
493 3363 579 3400 revoc.
598 3349 658 3402 don.
675 3349 717 3414 (8,
736 3351 770 3401 bb
785 3354 821 3406 at.
840 3351 896 3416 uo).
966 3353 987 3418 ⁹)
1006 3347 1141 3406 addiscam

179 3401 292 3470 recepe.
313 3416 390 3464 eoae.
406 3417 485 3480 infer.
505 3429 640 3480 nusquam
658 3419 733 3468 coac.
752 3425 801 3468 ver.
819 3421 885 3470 aaa·
897 3420 974 3472 sear.
993 3429 1019 3472 a
1038 3421 1088 3471 nr.
1121 3411 1140 3478 ⁸)

175 3468 210 3517 L.
229 3473 270 3525 19.
290 3478 318 3529 Ο.
338 3483 370 3531 de
389 3484 450 3534 don.
467 3491 527 3536 aute
551 3490 621 3548 nupt.
641 3483 675 3548 (ὁ,
694 3483 730 3547 3).
799 3484 821 3549 ⁴)
838 3488 873 3538 L.
892 3491 934 3543 20.
955 3489 983 3540 0.
1002 3491 1061 3542 eod.
