2464 3916
337 249 373 282 nn
393 249 526 284 nnunnro
544 234 594 300 111,
613 237 647 285 26
666 231 732 300 (27).
965 235 1024 298 147

56 389 86 444 de
100 388 289 444 communibus
303 391 360 445 suis
375 397 403 445 ct
418 390 480 447 Titii
495 392 612 465 negotiis
629 390 755 465 gerendis
774 391 823 446 tibi
836 392 961 463 mandet,
983 393 1026 448 vel

5 525 6 528 ,
56 481 84 528 ut
98 472 150 528 sibi
166 480 195 528 et
208 473 280 530 Titio
295 473 408 530 fundum
424 491 542 544 emeres,
558 475 601 532 vel
617 483 648 530 ut
661 492 712 549 pro
729 491 762 530 eo
778 483 807 531 et
821 475 893 532 'rino
908 477 1025 551 sponde·

56 575 104 612 res.
153 557 208 612 Tua
224 565 252 613 et
267 558 366 628 aliena,
387 558 471 615 veluti
486 560 509 614 si
524 559 574 615 tibi
588 560 713 630 mandet,
735 567 766 614 ui
781 560 853 616 Titio
868 561 918 616 suh
934 563 1024 618 usuris
1043 569 1059 618 5

56 641 187 698 crederes.
220 642 321 715 quodsi,
332 650 363 698 ut
377 645 436 699 sine
451 646 542 700 usuris
557 645 697 716 crederes,
717 644 802 700 aliena
818 652 924 701 tantum
938 647 1024 720 gratia

54 726 196 782 intercedit
215 727 377 783 mandatum.
423 727 479 782 Tua
500 721 622 784 tantnm¹
645 729 731 802 gratia
750 730 898 784 intervenit
917 731 1024 786 manda·
1041 737 1058 787 6

56 819 125 882 tum,
148 811 234 867 veluti
248 813 271 868 si
285 811 334 868 tibi
350 811 473 883 mandet,
494 820 526 868 ut
539 814 667 886 pecunias
683 820 743 868 tuas
758 815 851 887 potius
866 815 894 868 in
910 817 1025 886 emptio-

55 913 99 951 nes
113 896 286 970 praediorum
302 897 431 967 colloces,
447 913 526 970 quam
542 897 659 969 feneres,
674 898 718 953 vel
733 915 767 953 cx
782 897 889 954 diverso
905 905 936 953 nt
949 898 1025 954 iene-

55 997 94 1036 res
110 983 221 1054 potius,
235 998 316 1054 ,quam
331 983 359 1037 in
375 983 526 1054 emptiones
540 981 714 1055 praediorum
725 983 853 1038 colloces.
885 984 962 1040 cuins
977 999 1025 1056 ge-

54 1067 123 1120 neris
145 1065 298 1122 mandatum
318 1067 404 1140 magis
419 1066 561 1122 eonsilium
577 1074 620 1122 est
639 1084 720 1140 quam
734 1067 889 1122 mandatum
904 1074 933 1123 et
948 1065 982 1122 oh
997 1066 1024 1122 id

53 1166 106 1204 non
122 1157 166 1205 est
181 1149 382 1224 obligatorium,
399 1151 461 1223 qnia
476 1167 555 1206 nemo
571 1168 605 1206 ex
619 1152 734 1208 consilio
746 1151 863 1208 mandati
877 1151 1024 1226 obligatur,

54 1235 156 1290 etiamsi
176 1251 231 1290 non
253 1235 377 1308 expediat
392 1236 431 1304 ei,
455 1237 499 1290 cui
518 1234 640 1307 dabitur,
662 1253 724 1292 cum
744 1235 859 1291 liberum
875 1237 973 1309 cuique
988 1237 1024 1291 sit

56 1317 126 1391 apud
140 1318 337 1392 scorpiorum,
358 1336 391 1374 an
406 1318 530 1392 expediat
550 1319 701 1376 consilium.
739 1314 851 1393 ²itaque
870 1321 893 1376 si
909 1322 1023 1376 otiosam

54 1403 192 1476 pecuniam
207 1403 281 1459 domi
295 1411 323 1459 te
338 1403 481 1460 habentem
495 1403 621 1460 hortatus
636 1404 719 1460 suerit
734 1405 842 1478 aliquis,
860 1413 962 1460 utrem
977 1405 1024 1460 ali·

54 1503 131 1560 quam
147 1504 249 1544 emeres
265 1489 308 1544 vel
323 1505 380 1544 eam
396 1481 556 1558 crederes,³
577 1491 698 1562 quamvis
716 1506 772 1545 non
787 1481 955 1563 expedierit4
976 1488 1023 1543 tibi

54 1587 108 1627 eam
125 1573 223 1628 emisse
237 1573 278 1628 vel
295 1572 455 1641 credidisse,
471 1589 527 1628 non
544 1579 632 1629 tamen
646 1573 697 1629 tibi
711 1573 829 1628 mandati
844 1579 961 1628 tenetur.
996 1581 1034 1643 et,

53 1656 117 1712 adeo
134 1657 202 1713 hacc
215 1659 251 1713 ita
266 1665 346 1728 sunt,
362 1665 394 1713 ut
409 1658 562 1731 quaesitum
576 1659 629 1729 sit,
644 1675 678 1712 an
693 1657 810 1714 mandati
825 1664 959 1726 teneatur,
976 1658 1023 1730 qui

5 1813 7 1816 Ι
53 1741 186 1796 mandavit
200 1741 259 1814 tibi,
274 1750 305 1797 ut
316 1743 387 1798 Titio
398 1743 540 1816 pecuniam
555 1742 706 1798 fenerares:
731 1742 778 1798 sed
800 1741 918 1799 obtinuit
933 1741 1023 1797 Sabini

5 1869 6 1872 ,
52 1827 201 1897 sentencia,
223 1826 412 1900 obhgatorinm
427 1843 487 1882 esse
505 1828 534 1882 in
553 1827 606 1884 hoc
620 1844 684 1883 casu
699 1827 868 1898 mandatum,
890 1828 1023 1900 quianon

5 1935 6 1958 r
53 1909 128 1966 aliter
143 1911 216 1972 Titio
231 1911 406 1982 credidisses,
428 1927 507 1984 quam
527 1913 551 1967 si
573 1911 621 1968 tibi
636 1911 789 1968 mandatum
807 1920 888 1968 esset.
936 1905 1022 1966 ⁵lllud
1042 1924 1056 1972 7

5 2015 7 2022 ’
53 2012 163 2068 quoque
184 1995 337 2060 mandatum
356 2013 412 2050 non
433 2002 474 2050 est
496 1994 703 2069 obligatorium,
725 1996 798 2068 quod
819 2004 914 2050 contra
935 1995 1022 2050 honos

52 2095 140 2136 mores
156 2088 214 2150 est,
235 2079 320 2136 veluti
334 2081 357 2135 si
372 2079 458 2136 Titius
474 2079 507 2134 de
523 2079 599 2134 surio
616 2087 662 2134 aut
677 2079 774 2134 damno
790 2077 912 2133 iaciendo
928 2087 974 2133 aut
989 2079 1022 2132 de

51 2165 147 2220 iniuria
168 2163 288 2220 facienda
308 2163 356 2220 tibi
376 2163 493 2218 mandet.
538 2163 601 2218 licet
621 2165 693 2220 enim
718 2179 833 2236 poenam
858 2163 938 2216 istius
959 2161 1023 2216 sacti

5 2279 7 2282 ·
52 2250 160 2305 nomine
180 2250 361 2322 praestiteris,
383 2265 438 2304 uon
459 2254 548 2303 tamen
569 2247 650 2302 ullam
672 2247 753 2302 habes
774 2246 900 2301 adversus
923 2245 1021 2300 Titium

52 2335 193 2390 actionem.

116 2409 176 2490 ⁶1s,
199 2419 245 2492 qni
268 2420 425 2491 exsequitur
444 2417 612 2488 mandatum,
633 2433 689 2472 non
709 2413 789 2471 debet
805 2415 935 2472 excedere
954 2413 1057 2480 finesg

6 2537 7 2540 =
52 2502 177 2558 mandati.
212 2511 243 2560 ut
263 2519 326 2558 ecce
340 2504 363 2558 si
385 2503 445 2576 quis
460 2518 548 2576 usquc
568 2501 600 2556 ad
621 2508 730 2557 eentum
746 2516 843 2556 aureos
858 2500 1023 2558 mandaverit

52 2585 117 2658 tibi,
133 2594 165 2642 ut
179 2587 294 2643 fundum
309 2603 412 2643 emeres
427 2586 469 2642 vel
485 2596 515 2642 nt
529 2603 580 2660 pro
593 2587 662 2642 Titio
678 2585 843 2658 sponderes‚
859 2601 948 2658 neque
962 2585 1022 2658 plu·

50 2672 87 2724 ris
104 2687 194 2728 emere
209 2671 290 2728 debes
305 2688 395 2745 neque
409 2673 437 2726 in
452 2671 608 2745 ampliorem
624 2672 764 2744 pecuniam
780 2667 941 2737 fideiuhere3
958 2667 1022 2723 aiio-

52 2757 117 2828 quin
131 2773 187 2813 non
208 2756 316 2812 habebis
332 2773 393 2812 curn
409 2771 442 2812 eo
458 2755 574 2824 mandati
589 2757 736 2810 actionem:
759 2752 827 2808 adeo
844 2751 968 2825 quidem,
991 2759 1022 2805 ut

52 2839 150 2896 Sabino
171 2849 199 2896 et
218 2839 309 2896 Cassio
331 2840 477 2914 placuerit,
499 2841 579 2896 etiam
600 2841 623 2894 si
644 2855 730 2911 usque
751 2837 784 2894 ad
800 2844 909 2892 centum
924 2851 1021 2891 aureos

52 2941 115 2979 cum
135 2942 167 2981 eo
189 2943 270 2999 agere
290 2925 372 2997 velis,
393 2924 526 2980 inutiliter
547 2931 573 2978 te
594 2929 726 2978 acturum.
772 2922 892 2978 diversae
913 2919 1022 2976 scholae

51 3091 254 3099 -—-—.—

122 3189 141 3254 1)
159 3196 266 3242 tantum
283 3193 353 3240 molti
378 3191 454 3242 codd.
477 3189 554 3252 infer.
578 3189 743 3253 Pheopites.
759 3204 802 3252 pr.
823 3189 861 3236 tit.
880 3202 927 3237 om.
946 3186 1021 3236 codd.

50 3265 103 3309 oet.
129 3260 281 3310 edd.'Scbr.
309 3266 335 3308 et
351 3257 402 3308 Kr.
431 3262 524 3306 autem
546 3257 605 3321 bip.
693 3255 713 3318 2)
731 3277 765 3298 =
785 3255 834 3305 Gai
850 3257 874 3310 3,
895 3253 944 3302 156
961 3259 1020 3302 mut.

51 3325 71 3388 3)
91 3328 205 3392 plerique
223 3329 298 3378 codd.
315 3327 392 3389 infer.
414 3325 526 3389 Theopb.
545 3323 642 3374 credes
659 3325 734 3378 codd.
751 3327 801 3375 oei.
820 3323 861 3372 ed.
879 3320 930 3369 Kr.
1000 3317 1021 3380 ⁴)

52 3394 111 3444 Gai.
132 3394 243 3459 Theoph.
264 3393 395 3458 expediet
412 3395 487 3444 codd.
506 3399 555 3444 oet.
574 3393 614 3442 ed.
628 3391 679 3440 Kr.
701 3390 831 3456 expediet
848 3389 923 3438 codd.
941 3385 1020 3449 infer.

51 3463 95 3512 ed.
114 3460 184 3518 Scir.
265 3459 287 3529 Β)
305 3483 339 3502 =
359 3461 413 3513 Gai.
431 3465 455 3519 3,
473 3463 523 3511 15⁷
544 3466 602 3514 mut.
685 3457 705 3522 ⁰)
723 3479 757 3500 =
777 3457 832 3508 Gai.
850 3459 875 3519 3,
896 3455 945 3506 158
962 3459 1020 3503 mut.

51 3530 89 3592 cf.
105 3530 136 3580 L¹
153 3533 179 3582 4.
199 3532 232 3580 D.
250 3531 334 3580 mand.
353 3529 405 3594 (1⁷,
425 3527 450 3594 1)
469 3545 504 3580 ecc
524 3529 581 3578 Gaii
598 3532 615 3578 t.
633 3529 648 3577 2
667 3543 720 3576 rer.
740 3531 808 3590 quoi.

798 3607 865 3666 10*
