<?xml version="1.0" encoding="UTF-8"?>
<!DOCTYPE html PUBLIC "-//W3C//DTD XHTML 1.0 Transitional//EN"
    "http://www.w3.org/TR/xhtml1/DTD/xhtml1-transitional.dtd">
<html xmlns="http://www.w3.org/1999/xhtml" xml:lang="en" lang="en">
 <head>
  <title>
</title>
<meta http-equiv="Content-Type" content="text/html;charset=utf-8" />
  <meta name='ocr-system' content='tesseract 3.04.00' />
  <meta name='ocr-capabilities' content='ocr_page ocr_carea ocr_par ocr_line ocrx_word'/>
</head>
<body>
  <div class='ocr_page' id='page_1' title='image "./impivstinianiin00huscgoog_0033.png"; bbox 0 0 2486 3916; ppageno 0'>
   <div class='ocr_carea' id='block_1_1' title="bbox 164 105 797 208">
    <p class='ocr_par' dir='ltr' id='par_1_1' title="bbox 164 105 797 208">
     <span class='ocr_line' id='line_1_1' title="bbox 164 105 797 208; baseline 0 -14"><span class='ocrx_word' id='word_1_1' title='bbox 164 144 184 207; x_wconf 85' lang='lat'>8</span> <span class='ocrx_word' id='word_1_2' title='bbox 401 105 405 114; x_wconf 85' lang='lat'><em>·</em></span> <span class='ocrx_word' id='word_1_3' title='bbox 493 159 528 194; x_wconf 82' lang='lat' dir='ltr'><strong>na</strong></span> <span class='ocrx_word' id='word_1_4' title='bbox 548 159 714 196; x_wconf 81' lang='lat' dir='ltr'><strong>nnnnnnrsrs</strong></span> <span class='ocrx_word' id='word_1_5' title='bbox 732 147 755 208; x_wconf 86' lang='lat'><strong>1,</strong></span> <span class='ocrx_word' id='word_1_6' title='bbox 773 147 797 196; x_wconf 82' lang='lat'><strong>5.</strong></span> 
     </span>
    </p>
   </div>
   <div class='ocr_carea' id='block_1_2' title="bbox 131 301 1141 880">
    <p class='ocr_par' dir='ltr' id='par_1_2' title="bbox 131 301 1141 880">
     <span class='ocr_line' id='line_1_2' title="bbox 165 301 1139 376; baseline -0.002 -18"><span class='ocrx_word' id='word_1_7' title='bbox 165 303 318 376; x_wconf 89' lang='lat' dir='ltr'><strong>quaesitum</strong></span> <span class='ocrx_word' id='word_1_8' title='bbox 334 310 392 374; x_wconf 89' lang='lat' dir='ltr'><strong>est,</strong></span> <span class='ocrx_word' id='word_1_9' title='bbox 408 303 431 357; x_wconf 91' lang='lat' dir='ltr'><strong>si</strong></span> <span class='ocrx_word' id='word_1_10' title='bbox 447 301 542 358; x_wconf 89' lang='lat' dir='ltr'><strong>ancilla</strong></span> <span class='ocrx_word' id='word_1_11' title='bbox 556 317 709 376; x_wconf 77' lang='lat' dir='ltr'>praegnans</span> <span class='ocrx_word' id='word_1_12' title='bbox 725 303 888 356; x_wconf 90' lang='lat' dir='ltr'><strong>manumissa</strong></span> <span class='ocrx_word' id='word_1_13' title='bbox 903 302 954 371; x_wconf 89' lang='lat' dir='ltr'><strong>sit,</strong></span> <span class='ocrx_word' id='word_1_14' title='bbox 976 301 1073 358; x_wconf 87' lang='lat' dir='ltr'><strong>deinde</strong></span> <span class='ocrx_word' id='word_1_15' title='bbox 1088 318 1139 356; x_wconf 89' lang='lat' dir='ltr'><strong>an·</strong></span> 
     </span>
     <span class='ocr_line' id='line_1_3' title="bbox 164 385 1138 460; baseline -0.001 -18"><span class='ocrx_word' id='word_1_16' title='bbox 164 386 225 442; x_wconf 90' lang='lat' dir='ltr'><strong>cilla</strong></span> <span class='ocrx_word' id='word_1_17' title='bbox 240 394 337 460; x_wconf 88' lang='lat' dir='ltr'><strong>postea</strong></span> <span class='ocrx_word' id='word_1_18' title='bbox 352 385 423 442; x_wconf 87' lang='lat' dir='ltr'><strong>lacta</strong></span> <span class='ocrx_word' id='word_1_19' title='bbox 438 387 560 460; x_wconf 76' lang='lat' dir='ltr'>peperit,</span> <span class='ocrx_word' id='word_1_20' title='bbox 582 385 696 441; x_wconf 86' lang='lat' dir='ltr'><strong>liberum</strong></span> <span class='ocrx_word' id='word_1_21' title='bbox 718 403 751 442; x_wconf 89' lang='lat' dir='ltr'><strong>an</strong></span> <span class='ocrx_word' id='word_1_22' title='bbox 772 401 880 441; x_wconf 85' lang='lat' dir='ltr'><strong>servum</strong></span> <span class='ocrx_word' id='word_1_23' title='bbox 901 385 1003 459; x_wconf 84' lang='lat' dir='ltr'><strong>pariat?</strong></span> <span class='ocrx_word' id='word_1_24' title='bbox 1024 393 1052 442; x_wconf 90' lang='lat' dir='ltr'><strong>et</strong></span> <span class='ocrx_word' id='word_1_25' title='bbox 1067 385 1138 442; x_wconf 88' lang='lat' dir='ltr'><strong>llar-</strong></span> 
     </span>
     <span class='ocr_line' id='line_1_4' title="bbox 164 467 1138 546; baseline -0.001 -20"><span class='ocrx_word' id='word_1_26' title='bbox 164 469 250 526; x_wconf 91' lang='lat' dir='ltr'><strong>eellus</strong></span> <span class='ocrx_word' id='word_1_27' title='bbox 271 469 385 546; x_wconf 90' lang='lat' dir='ltr'><strong>probat,</strong></span> <span class='ocrx_word' id='word_1_28' title='bbox 407 469 520 526; x_wconf 88' lang='lat' dir='ltr'><strong>liberum</strong></span> <span class='ocrx_word' id='word_1_29' title='bbox 542 469 629 526; x_wconf 90' lang='lat' dir='ltr'><strong>nasci:</strong></span> <span class='ocrx_word' id='word_1_30' title='bbox 652 467 753 525; x_wconf 90' lang='lat' dir='ltr'><strong>sullieit</strong></span> <span class='ocrx_word' id='word_1_31' title='bbox 773 471 899 540; x_wconf 85' lang='lat' dir='ltr'><strong>enimsi,</strong></span> <span class='ocrx_word' id='word_1_32' title='bbox 921 471 967 543; x_wconf 87' lang='lat' dir='ltr'><strong>qui</strong></span> <span class='ocrx_word' id='word_1_33' title='bbox 988 471 1016 525; x_wconf 93' lang='lat' dir='ltr'><strong>in</strong></span> <span class='ocrx_word' id='word_1_34' title='bbox 1036 477 1138 525; x_wconf 88' lang='lat' dir='ltr'><strong>ventre</strong></span> 
     </span>
     <span class='ocr_line' id='line_1_5' title="bbox 165 551 1138 628; baseline -0.001 -17"><span class='ocrx_word' id='word_1_35' title='bbox 165 561 223 626; x_wconf 88' lang='lat' dir='ltr'><strong>est,</strong></span> <span class='ocrx_word' id='word_1_36' title='bbox 244 553 355 611; x_wconf 89' lang='lat' dir='ltr'><strong>liberam</strong></span> <span class='ocrx_word' id='word_1_37' title='bbox 378 561 489 612; x_wconf 89' lang='lat' dir='ltr'><strong>matrem</strong></span> <span class='ocrx_word' id='word_1_38' title='bbox 517 555 560 610; x_wconf 86' lang='lat' dir='ltr'><strong>vel</strong></span> <span class='ocrx_word' id='word_1_39' title='bbox 581 553 670 610; x_wconf 88' lang='lat' dir='ltr'><strong>medlo</strong></span> <span class='ocrx_word' id='word_1_40' title='bbox 697 561 821 628; x_wconf 88' lang='lat' dir='ltr'><strong>tempore</strong></span> <span class='ocrx_word' id='word_1_41' title='bbox 846 553 987 610; x_wconf 84' lang='lat' dir='ltr'><strong>habuisse:</strong></span> <span class='ocrx_word' id='word_1_42' title='bbox 1012 551 1086 628; x_wconf 85' lang='lat' dir='ltr'><strong>quod</strong></span> <span class='ocrx_word' id='word_1_43' title='bbox 1109 563 1138 610; x_wconf 89' lang='lat' dir='ltr'><strong>et</strong></span> 
     </span>
     <span class='ocr_line' id='line_1_6' title="bbox 131 635 1141 713; baseline -0.001 -18"><span class='ocrx_word' id='word_1_44' title='bbox 131 649 145 696; x_wconf 91' lang='lat'>1</span> <span class='ocrx_word' id='word_1_45' title='bbox 164 655 257 694; x_wconf 89' lang='lat' dir='ltr'><strong>verum</strong></span> <span class='ocrx_word' id='word_1_46' title='bbox 272 645 324 694; x_wconf 86' lang='lat' dir='ltr'><strong>est.</strong></span> <span class='ocrx_word' id='word_1_47' title='bbox 356 637 421 695; x_wconf 83' lang='lat' dir='ltr'><strong>Cum</strong></span> <span class='ocrx_word' id='word_1_48' title='bbox 436 647 525 695; x_wconf 84' lang='lat' dir='ltr'><strong>antem</strong></span> <span class='ocrx_word' id='word_1_49' title='bbox 541 641 678 713; x_wconf 79' lang='lat' dir='ltr'><strong>ingennus</strong></span> <span class='ocrx_word' id='word_1_50' title='bbox 699 639 796 712; x_wconf 89' lang='lat' dir='ltr'><strong>aliquis</strong></span> <span class='ocrx_word' id='word_1_51' title='bbox 811 647 890 694; x_wconf 90' lang='lat' dir='ltr'><strong>natus</strong></span> <span class='ocrx_word' id='word_1_52' title='bbox 905 640 955 709; x_wconf 88' lang='lat' dir='ltr'><strong>sit,</strong></span> <span class='ocrx_word' id='word_1_53' title='bbox 977 655 1033 694; x_wconf 95' lang='lat' dir='ltr'><strong>non</strong></span> <span class='ocrx_word' id='word_1_54' title='bbox 1049 635 1141 694; x_wconf 85' lang='lat' dir='ltr'><strong>ollicit</strong></span> 
     </span>
     <span class='ocr_line' id='line_1_7' title="bbox 164 723 1140 796; baseline -0.002 -16"><span class='ocrx_word' id='word_1_55' title='bbox 164 723 202 780; x_wconf 93' lang='lat' dir='ltr'><strong>illi</strong></span> <span class='ocrx_word' id='word_1_56' title='bbox 217 726 245 780; x_wconf 95' lang='lat' dir='ltr'><strong>in</strong></span> <span class='ocrx_word' id='word_1_57' title='bbox 260 725 393 780; x_wconf 86' lang='lat' dir='ltr'><strong>servitute</strong></span> <span class='ocrx_word' id='word_1_58' title='bbox 408 724 493 779; x_wconf 85' lang='lat' dir='ltr'><strong>luisse</strong></span> <span class='ocrx_word' id='word_1_59' title='bbox 508 731 536 779; x_wconf 91' lang='lat' dir='ltr'><strong>et</strong></span> <span class='ocrx_word' id='word_1_60' title='bbox 550 731 647 796; x_wconf 87' lang='lat' dir='ltr'><strong>postea</strong></span> <span class='ocrx_word' id='word_1_61' title='bbox 667 725 860 779; x_wconf 86' lang='lat' dir='ltr'><strong>manumissum</strong></span> <span class='ocrx_word' id='word_1_62' title='bbox 880 739 955 780; x_wconf 86' lang='lat' dir='ltr'><strong>esse:</strong></span> <span class='ocrx_word' id='word_1_63' title='bbox 977 724 1140 796; x_wconf 77' lang='lat' dir='ltr'><strong>saepissime</strong></span> 
     </span>
     <span class='ocr_line' id='line_1_8' title="bbox 165 806 1114 880; baseline -0.001 -16"><span class='ocrx_word' id='word_1_64' title='bbox 165 809 236 864; x_wconf 90' lang='lat' dir='ltr'><strong>enim</strong></span> <span class='ocrx_word' id='word_1_65' title='bbox 251 810 432 866; x_wconf 89' lang='lat' dir='ltr'><strong>constitutum</strong></span> <span class='ocrx_word' id='word_1_66' title='bbox 449 816 505 880; x_wconf 86' lang='lat' dir='ltr'><strong>est,</strong></span> <span class='ocrx_word' id='word_1_67' title='bbox 521 807 653 864; x_wconf 89' lang='lat' dir='ltr'><strong>natalibus</strong></span> <span class='ocrx_word' id='word_1_68' title='bbox 669 823 724 864; x_wconf 93' lang='lat' dir='ltr'><strong>non</strong></span> <span class='ocrx_word' id='word_1_69' title='bbox 739 806 850 865; x_wconf 87' lang='lat' dir='ltr'><strong>ollieere</strong></span> <span class='ocrx_word' id='word_1_70' title='bbox 864 808 1114 864; x_wconf 78' lang='lat' dir='ltr'><strong>manumissionem.</strong></span> 
     </span>
    </p>
   </div>
   <div class='ocr_carea' id='block_1_3' title="bbox 505 1005 796 1142">
    <p class='ocr_par' dir='ltr' id='par_1_3' title="bbox 505 1005 796 1142">
     <span class='ocr_line' id='line_1_9' title="bbox 600 1005 698 1046; baseline 0.01 -2"><span class='ocrx_word' id='word_1_71' title='bbox 600 1005 657 1046; x_wconf 75' lang='lat' dir='ltr'><strong>&#39;ont</strong></span> <span class='ocrx_word' id='word_1_72' title='bbox 671 1005 698 1045; x_wconf 82' lang='lat' dir='ltr'><strong>V.</strong></span> 
     </span>
     <span class='ocr_line' id='line_1_10' title="bbox 505 1071 796 1142; baseline 0.007 -2"><span class='ocrx_word' id='word_1_73' title='bbox 505 1089 557 1141; x_wconf 86' lang='lat' dir='ltr'><strong>nn</strong></span> <span class='ocrx_word' id='word_1_74' title='bbox 573 1071 796 1142; x_wconf 67' lang='lat' dir='ltr'><strong>nrsnnrnusj</strong></span> 
     </span>
    </p>
   </div>
   <div class='ocr_carea' id='block_1_4' title="bbox 113 1225 1228 3163">
    <p class='ocr_par' dir='ltr' id='par_1_4' title="bbox 113 1225 1228 2065">
     <span class='ocr_line' id='line_1_11' title="bbox 113 1225 1139 1305; baseline -0.001 -18"><span class='ocrx_word' id='word_1_75' title='bbox 113 1249 148 1287; x_wconf 77' lang='lat'>1³1.</span> <span class='ocrx_word' id='word_1_76' title='bbox 234 1225 385 1286; x_wconf 86' lang='lat' dir='ltr'><strong>¹Libertini</strong></span> <span class='ocrx_word' id='word_1_77' title='bbox 406 1239 486 1302; x_wconf 88' lang='lat' dir='ltr'><strong>sunt,</strong></span> <span class='ocrx_word' id='word_1_78' title='bbox 514 1232 560 1305; x_wconf 94' lang='lat' dir='ltr'><strong>qui</strong></span> <span class='ocrx_word' id='word_1_79' title='bbox 581 1247 614 1287; x_wconf 82' lang='lat' dir='ltr'><strong>cn</strong></span> <span class='ocrx_word' id='word_1_80' title='bbox 640 1232 711 1286; x_wconf 89' lang='lat' dir='ltr'><strong>iusta</strong></span> <span class='ocrx_word' id='word_1_81' title='bbox 730 1231 862 1286; x_wconf 86' lang='lat' dir='ltr'><strong>servitute</strong></span> <span class='ocrx_word' id='word_1_82' title='bbox 882 1231 1040 1286; x_wconf 78' lang='lat' dir='ltr'>manumissi</span> <span class='ocrx_word' id='word_1_83' title='bbox 1061 1239 1139 1286; x_wconf 88' lang='lat' dir='ltr'><strong>sunt.</strong></span> 
     </span>
     <span class='ocr_line' id='line_1_12' title="bbox 166 1307 1136 1388; baseline 0 -18"><span class='ocrx_word' id='word_1_84' title='bbox 166 1307 362 1372; x_wconf 87' lang='lat' dir='ltr'><strong>²llanumissio</strong></span> <span class='ocrx_word' id='word_1_85' title='bbox 378 1323 468 1372; x_wconf 89' lang='lat' dir='ltr'><strong>autem</strong></span> <span class='ocrx_word' id='word_1_86' title='bbox 489 1324 532 1372; x_wconf 89' lang='lat' dir='ltr'><strong>est</strong></span> <span class='ocrx_word' id='word_1_87' title='bbox 547 1315 620 1372; x_wconf 88' lang='lat' dir='ltr'><strong>datio</strong></span> <span class='ocrx_word' id='word_1_88' title='bbox 644 1314 791 1371; x_wconf 77' lang='lat' dir='ltr'><strong>libertatis:</strong></span> <span class='ocrx_word' id='word_1_89' title='bbox 811 1331 873 1370; x_wconf 85' lang='lat' dir='ltr'><strong>narn</strong></span> <span class='ocrx_word' id='word_1_90' title='bbox 888 1314 1016 1388; x_wconf 85' lang='lat' dir='ltr'><strong>quamdiu</strong></span> <span class='ocrx_word' id='word_1_91' title='bbox 1031 1316 1091 1388; x_wconf 91' lang='lat' dir='ltr'><strong>quis</strong></span> <span class='ocrx_word' id='word_1_92' title='bbox 1108 1315 1136 1370; x_wconf 91' lang='lat' dir='ltr'><strong>io</strong></span> 
     </span>
     <span class='ocr_line' id='line_1_13' title="bbox 165 1400 1138 1475; baseline 0 -21"><span class='ocrx_word' id='word_1_93' title='bbox 165 1401 296 1456; x_wconf 88' lang='lat' dir='ltr'><strong>servituto</strong></span> <span class='ocrx_word' id='word_1_94' title='bbox 311 1407 368 1471; x_wconf 87' lang='lat' dir='ltr'><strong>est,</strong></span> <span class='ocrx_word' id='word_1_95' title='bbox 390 1401 480 1456; x_wconf 80' lang='lat' dir='ltr'><strong>marani</strong></span> <span class='ocrx_word' id='word_1_96' title='bbox 501 1409 529 1456; x_wconf 88' lang='lat' dir='ltr'><strong>et</strong></span> <span class='ocrx_word' id='word_1_97' title='bbox 543 1401 673 1475; x_wconf 70' lang='lat' dir='ltr'><strong>potestati</strong></span> <span class='ocrx_word' id='word_1_98' title='bbox 692 1401 852 1474; x_wconf 89' lang='lat' dir='ltr'><strong>suppositus</strong></span> <span class='ocrx_word' id='word_1_99' title='bbox 868 1409 926 1471; x_wconf 90' lang='lat' dir='ltr'><strong>est,</strong></span> <span class='ocrx_word' id='word_1_100' title='bbox 947 1408 975 1455; x_wconf 87' lang='lat' dir='ltr'><strong>ct</strong></span> <span class='ocrx_word' id='word_1_101' title='bbox 990 1400 1138 1454; x_wconf 87' lang='lat' dir='ltr'><strong>manumis-</strong></span> 
     </span>
     <span class='ocr_line' id='line_1_14' title="bbox 166 1483 1136 1559; baseline -0.001 -20"><span class='ocrx_word' id='word_1_102' title='bbox 166 1500 212 1539; x_wconf 91' lang='lat' dir='ltr'><strong>sus</strong></span> <span class='ocrx_word' id='word_1_103' title='bbox 234 1483 364 1540; x_wconf 90' lang='lat' dir='ltr'><strong>liberatnr</strong></span> <span class='ocrx_word' id='word_1_104' title='bbox 383 1492 528 1558; x_wconf 87' lang='lat' dir='ltr'><strong>potestate.</strong></span> <span class='ocrx_word' id='word_1_105' title='bbox 570 1502 638 1559; x_wconf 87' lang='lat' dir='ltr'><strong>qnae</strong></span> <span class='ocrx_word' id='word_1_106' title='bbox 662 1501 707 1542; x_wconf 87' lang='lat' dir='ltr'><strong>res</strong></span> <span class='ocrx_word' id='word_1_107' title='bbox 734 1486 828 1540; x_wconf 89' lang='lat' dir='ltr'><strong>aiure</strong></span> <span class='ocrx_word' id='word_1_108' title='bbox 856 1486 978 1558; x_wconf 78' lang='lat' dir='ltr'><strong>gentium</strong></span> <span class='ocrx_word' id='word_1_109' title='bbox 999 1483 1136 1557; x_wconf 78' lang='lat' dir='ltr'><strong>originem</strong></span> 
     </span>
     <span class='ocr_line' id='line_1_15' title="bbox 166 1567 1136 1643; baseline 0 -20"><span class='ocrx_word' id='word_1_110' title='bbox 166 1571 300 1642; x_wconf 79' lang='lat' dir='ltr'><strong>sumpsit,</strong></span> <span class='ocrx_word' id='word_1_111' title='bbox 324 1577 421 1643; x_wconf 85' lang='lat' dir='ltr'><strong>utpote</strong></span> <span class='ocrx_word' id='word_1_112' title='bbox 441 1587 501 1625; x_wconf 88' lang='lat' dir='ltr'><strong>cum</strong></span> <span class='ocrx_word' id='word_1_113' title='bbox 522 1572 582 1626; x_wconf 89' lang='lat' dir='ltr'><strong>inre</strong></span> <span class='ocrx_word' id='word_1_114' title='bbox 603 1569 718 1625; x_wconf 85' lang='lat' dir='ltr'><strong>naturali</strong></span> <span class='ocrx_word' id='word_1_115' title='bbox 738 1585 832 1625; x_wconf 90' lang='lat' dir='ltr'><strong>omues</strong></span> <span class='ocrx_word' id='word_1_116' title='bbox 859 1567 936 1625; x_wconf 90' lang='lat' dir='ltr'><strong>liberi</strong></span> <span class='ocrx_word' id='word_1_117' title='bbox 957 1577 1136 1624; x_wconf 85' lang='lat' dir='ltr'><strong>nascerentur</strong></span> 
     </span>
     <span class='ocr_line' id='line_1_16' title="bbox 166 1651 1134 1727; baseline 0 -19"><span class='ocrx_word' id='word_1_118' title='bbox 166 1669 217 1708; x_wconf 89' lang='lat' dir='ltr'><strong>nee</strong></span> <span class='ocrx_word' id='word_1_119' title='bbox 231 1661 304 1708; x_wconf 89' lang='lat' dir='ltr'><strong>esset</strong></span> <span class='ocrx_word' id='word_1_120' title='bbox 318 1660 383 1708; x_wconf 90' lang='lat' dir='ltr'><strong>nota</strong></span> <span class='ocrx_word' id='word_1_121' title='bbox 404 1656 595 1725; x_wconf 80' lang='lat' dir='ltr'><strong>manumissio,</strong></span> <span class='ocrx_word' id='word_1_122' title='bbox 616 1670 676 1710; x_wconf 91' lang='lat' dir='ltr'><strong>cnm</strong></span> <span class='ocrx_word' id='word_1_123' title='bbox 692 1655 808 1709; x_wconf 86' lang='lat' dir='ltr'><strong>servitus</strong></span> <span class='ocrx_word' id='word_1_124' title='bbox 823 1661 897 1709; x_wconf 89' lang='lat' dir='ltr'><strong>esset</strong></span> <span class='ocrx_word' id='word_1_125' title='bbox 911 1654 1064 1727; x_wconf 77' lang='lat' dir='ltr'><strong>incognita:</strong></span> <span class='ocrx_word' id='word_1_126' title='bbox 1085 1651 1134 1708; x_wconf 88' lang='lat' dir='ltr'><strong>sed</strong></span> 
     </span>
     <span class='ocr_line' id='line_1_17' title="bbox 165 1733 1135 1812; baseline 0 -21"><span class='ocrx_word' id='word_1_127' title='bbox 165 1744 343 1810; x_wconf 87' lang='lat' dir='ltr'><strong>posteaquam</strong></span> <span class='ocrx_word' id='word_1_128' title='bbox 358 1739 417 1792; x_wconf 89' lang='lat' dir='ltr'><strong>iure</strong></span> <span class='ocrx_word' id='word_1_129' title='bbox 433 1739 555 1812; x_wconf 81' lang='lat' dir='ltr'><strong>gentium</strong></span> <span class='ocrx_word' id='word_1_130' title='bbox 571 1739 688 1794; x_wconf 88' lang='lat' dir='ltr'><strong>servitus</strong></span> <span class='ocrx_word' id='word_1_131' title='bbox 703 1733 814 1801; x_wconf 63' lang='lat' dir='ltr'><strong>invasit,</strong></span> <span class='ocrx_word' id='word_1_132' title='bbox 835 1746 959 1794; x_wconf 90' lang='lat' dir='ltr'><strong>secutum</strong></span> <span class='ocrx_word' id='word_1_133' title='bbox 975 1745 1016 1793; x_wconf 91' lang='lat' dir='ltr'><strong>est</strong></span> <span class='ocrx_word' id='word_1_134' title='bbox 1031 1734 1135 1793; x_wconf 86' lang='lat' dir='ltr'><strong>bonell-</strong></span> 
     </span>
     <span class='ocr_line' id='line_1_18' title="bbox 166 1822 1228 1890; baseline -0.001 -14"><span class='ocrx_word' id='word_1_135' title='bbox 166 1823 236 1876; x_wconf 87' lang='lat' dir='ltr'><strong>einm</strong></span> <span class='ocrx_word' id='word_1_136' title='bbox 256 1822 484 1878; x_wconf 89' lang='lat' dir='ltr'><strong>manumissionis.</strong></span> <span class='ocrx_word' id='word_1_137' title='bbox 526 1830 635 1878; x_wconf 89' lang='lat' dir='ltr'><strong>etcum</strong></span> <span class='ocrx_word' id='word_1_138' title='bbox 662 1839 717 1878; x_wconf 92' lang='lat' dir='ltr'><strong>uno</strong></span> <span class='ocrx_word' id='word_1_139' title='bbox 745 1823 859 1878; x_wconf 91' lang='lat' dir='ltr'><strong>naturali</strong></span> <span class='ocrx_word' id='word_1_140' title='bbox 879 1823 988 1878; x_wconf 90' lang='lat' dir='ltr'><strong>nomine</strong></span> <span class='ocrx_word' id='word_1_141' title='bbox 1009 1823 1135 1878; x_wconf 89' lang='lat' dir='ltr'><strong>homines</strong></span> <span class='ocrx_word' id='word_1_142' title='bbox 1227 1887 1228 1890; x_wconf 7' lang='grc' dir='ltr'><strong>Ἴ</strong></span> 
     </span>
     <span class='ocr_line' id='line_1_19' title="bbox 166 1905 1136 1982; baseline 0.002 -23"><span class='ocrx_word' id='word_1_143' title='bbox 166 1905 378 1978; x_wconf 86' lang='lat' dir='ltr'><strong>appellarsmnr,</strong></span> <span class='ocrx_word' id='word_1_144' title='bbox 400 1907 458 1962; x_wconf 89' lang='lat' dir='ltr'><strong>iure</strong></span> <span class='ocrx_word' id='word_1_145' title='bbox 479 1907 602 1982; x_wconf 80' lang='lat' dir='ltr'><strong>gentium</strong></span> <span class='ocrx_word' id='word_1_146' title='bbox 623 1907 675 1961; x_wconf 85' lang='lat' dir='ltr'><strong>tria</strong></span> <span class='ocrx_word' id='word_1_147' title='bbox 690 1923 790 1980; x_wconf 85' lang='lat' dir='ltr'><strong>genera</strong></span> <span class='ocrx_word' id='word_1_148' title='bbox 805 1907 944 1962; x_wconf 84' lang='lat' dir='ltr'><strong>hominurn</strong></span> <span class='ocrx_word' id='word_1_149' title='bbox 960 1923 1020 1962; x_wconf 89' lang='lat' dir='ltr'><strong>csse</strong></span> <span class='ocrx_word' id='word_1_150' title='bbox 1035 1922 1136 1978; x_wconf 85' lang='lat' dir='ltr'><strong>coepe·</strong></span> 
     </span>
     <span class='ocr_line' id='line_1_20' title="bbox 166 1989 1135 2065; baseline 0 -21"><span class='ocrx_word' id='word_1_151' title='bbox 166 1997 245 2061; x_wconf 86' lang='lat' dir='ltr'><strong>runt,</strong></span> <span class='ocrx_word' id='word_1_152' title='bbox 266 1989 343 2046; x_wconf 90' lang='lat' dir='ltr'><strong>liberi</strong></span> <span class='ocrx_word' id='word_1_153' title='bbox 358 1999 385 2046; x_wconf 92' lang='lat' dir='ltr'><strong>ct</strong></span> <span class='ocrx_word' id='word_1_154' title='bbox 400 1991 441 2046; x_wconf 83' lang='lat' dir='ltr'><strong>lais</strong></span> <span class='ocrx_word' id='word_1_155' title='bbox 457 1993 621 2048; x_wconf 87' lang='lat' dir='ltr'><strong>contrarium</strong></span> <span class='ocrx_word' id='word_1_156' title='bbox 643 1993 715 2048; x_wconf 84' lang='lat' dir='ltr'><strong>servi</strong></span> <span class='ocrx_word' id='word_1_157' title='bbox 730 1998 757 2048; x_wconf 91' lang='lat' dir='ltr'><strong>et</strong></span> <span class='ocrx_word' id='word_1_158' title='bbox 773 1992 883 2047; x_wconf 88' lang='lat' dir='ltr'><strong>tertium</strong></span> <span class='ocrx_word' id='word_1_159' title='bbox 899 2007 986 2065; x_wconf 78' lang='lat' dir='ltr'><strong>genus</strong></span> <span class='ocrx_word' id='word_1_160' title='bbox 1001 1989 1135 2061; x_wconf 83' lang='lat' dir='ltr'><strong>libertini,</strong></span> 
     </span>
    </p>

    <p class='ocr_par' dir='ltr' id='par_1_5' title="bbox 133 2073 1136 2487">
     <span class='ocr_line' id='line_1_21' title="bbox 133 2073 1135 2149; baseline 0.003 -22"><span class='ocrx_word' id='word_1_161' title='bbox 133 2079 146 2126; x_wconf 90' lang='lat'>1</span> <span class='ocrx_word' id='word_1_162' title='bbox 167 2076 213 2148; x_wconf 91' lang='lat' dir='ltr'><strong>qui</strong></span> <span class='ocrx_word' id='word_1_163' title='bbox 228 2073 364 2132; x_wconf 81' lang='lat' dir='ltr'><strong>desierant</strong></span> <span class='ocrx_word' id='word_1_164' title='bbox 380 2093 440 2132; x_wconf 89' lang='lat' dir='ltr'><strong>esse</strong></span> <span class='ocrx_word' id='word_1_165' title='bbox 455 2078 535 2133; x_wconf 89' lang='lat' dir='ltr'><strong>servi.</strong></span> <span class='ocrx_word' id='word_1_166' title='bbox 574 2076 664 2132; x_wconf 90' lang='lat' dir='ltr'><strong>llnltis</strong></span> <span class='ocrx_word' id='word_1_167' title='bbox 675 2084 764 2131; x_wconf 88' lang='lat' dir='ltr'><strong>antem</strong></span> <span class='ocrx_word' id='word_1_168' title='bbox 780 2074 868 2130; x_wconf 72' lang='lat' dir='ltr'><strong>mosiis</strong></span> <span class='ocrx_word' id='word_1_169' title='bbox 881 2076 1054 2130; x_wconf 87' lang='lat' dir='ltr'><strong>manumissio</strong></span> <span class='ocrx_word' id='word_1_170' title='bbox 1069 2091 1135 2149; x_wconf 87' lang='lat' dir='ltr'><strong>pro·</strong></span> 
     </span>
     <span class='ocr_line' id='line_1_22' title="bbox 165 2159 1135 2218; baseline 0 -4"><span class='ocrx_word' id='word_1_171' title='bbox 165 2159 251 2215; x_wconf 89' lang='lat' dir='ltr'><strong>cedit:</strong></span> <span class='ocrx_word' id='word_1_172' title='bbox 266 2168 313 2216; x_wconf 90' lang='lat' dir='ltr'><strong>ant</strong></span> <span class='ocrx_word' id='word_1_173' title='bbox 328 2163 398 2216; x_wconf 88' lang='lat' dir='ltr'><strong>enim</strong></span> <span class='ocrx_word' id='word_1_174' title='bbox 414 2177 446 2217; x_wconf 85' lang='lat' dir='ltr'><strong>en</strong></span> <span class='ocrx_word' id='word_1_175' title='bbox 462 2163 544 2218; x_wconf 90' lang='lat' dir='ltr'><strong>sacris</strong></span> <span class='ocrx_word' id='word_1_176' title='bbox 556 2159 796 2218; x_wconf 79' lang='lat' dir='ltr'><strong>constitutionibus</strong></span> <span class='ocrx_word' id='word_1_177' title='bbox 812 2161 840 2214; x_wconf 92' lang='lat' dir='ltr'><strong>iu</strong></span> <span class='ocrx_word' id='word_1_178' title='bbox 854 2159 1031 2216; x_wconf 86' lang='lat' dir='ltr'><strong>saerosanctis</strong></span> <span class='ocrx_word' id='word_1_179' title='bbox 1047 2159 1135 2216; x_wconf 88' lang='lat' dir='ltr'><strong>ecele-</strong></span> 
     </span>
     <span class='ocr_line' id='line_1_23' title="bbox 165 2244 1136 2318; baseline 0 -20"><span class='ocrx_word' id='word_1_180' title='bbox 165 2245 212 2298; x_wconf 91' lang='lat' dir='ltr'><strong>siis</strong></span> <span class='ocrx_word' id='word_1_181' title='bbox 239 2253 285 2298; x_wconf 88' lang='lat' dir='ltr'><strong>aut</strong></span> <span class='ocrx_word' id='word_1_182' title='bbox 305 2245 422 2300; x_wconf 90' lang='lat' dir='ltr'><strong>vindicta</strong></span> <span class='ocrx_word' id='word_1_183' title='bbox 445 2255 491 2302; x_wconf 90' lang='lat' dir='ltr'><strong>ant</strong></span> <span class='ocrx_word' id='word_1_184' title='bbox 516 2249 587 2302; x_wconf 90' lang='lat' dir='ltr'><strong>inter</strong></span> <span class='ocrx_word' id='word_1_185' title='bbox 612 2247 711 2301; x_wconf 90' lang='lat' dir='ltr'><strong>amicos</strong></span> <span class='ocrx_word' id='word_1_186' title='bbox 727 2251 773 2299; x_wconf 86' lang='lat' dir='ltr'><strong>aut</strong></span> <span class='ocrx_word' id='word_1_187' title='bbox 793 2261 843 2318; x_wconf 88' lang='lat' dir='ltr'><strong>per</strong></span> <span class='ocrx_word' id='word_1_188' title='bbox 863 2244 1006 2317; x_wconf 87' lang='lat' dir='ltr'><strong>epistulam</strong></span> <span class='ocrx_word' id='word_1_189' title='bbox 1022 2251 1069 2300; x_wconf 85' lang='lat' dir='ltr'><strong>aut</strong></span> <span class='ocrx_word' id='word_1_190' title='bbox 1083 2259 1136 2316; x_wconf 89' lang='lat' dir='ltr'><strong>per</strong></span> 
     </span>
     <span class='ocr_line' id='line_1_24' title="bbox 165 2327 1136 2403; baseline 0.001 -21"><span class='ocrx_word' id='word_1_191' title='bbox 165 2335 357 2384; x_wconf 88' lang='lat' dir='ltr'><strong>testamentum</strong></span> <span class='ocrx_word' id='word_1_192' title='bbox 372 2337 418 2384; x_wconf 90' lang='lat' dir='ltr'><strong>ant</strong></span> <span class='ocrx_word' id='word_1_193' title='bbox 439 2329 516 2385; x_wconf 91' lang='lat' dir='ltr'><strong>aliam</strong></span> <span class='ocrx_word' id='word_1_194' title='bbox 532 2328 677 2403; x_wconf 79' lang='lat' dir='ltr'><strong>quamlibet</strong></span> <span class='ocrx_word' id='word_1_195' title='bbox 700 2329 817 2384; x_wconf 90' lang='lat' dir='ltr'><strong>nltimam</strong></span> <span class='ocrx_word' id='word_1_196' title='bbox 833 2328 1009 2384; x_wconf 89' lang='lat' dir='ltr'><strong>voluntatem.</strong></span> <span class='ocrx_word' id='word_1_197' title='bbox 1041 2327 1090 2384; x_wconf 83' lang='lat' dir='ltr'><strong>scal</strong></span> <span class='ocrx_word' id='word_1_198' title='bbox 1106 2336 1136 2383; x_wconf 90' lang='lat' dir='ltr'><strong>et</strong></span> 
     </span>
     <span class='ocr_line' id='line_1_25' title="bbox 166 2410 1133 2487; baseline 0.003 -22"><span class='ocrx_word' id='word_1_199' title='bbox 166 2410 224 2466; x_wconf 91' lang='lat' dir='ltr'><strong>aliis</strong></span> <span class='ocrx_word' id='word_1_200' title='bbox 239 2411 332 2466; x_wconf 85' lang='lat' dir='ltr'><strong>multis</strong></span> <span class='ocrx_word' id='word_1_201' title='bbox 347 2412 434 2468; x_wconf 72' lang='lat' dir='ltr'><strong>mollis</strong></span> <span class='ocrx_word' id='word_1_202' title='bbox 450 2413 560 2470; x_wconf 91' lang='lat' dir='ltr'><strong>libertas</strong></span> <span class='ocrx_word' id='word_1_203' title='bbox 576 2430 655 2469; x_wconf 83' lang='lat' dir='ltr'><strong>seruo</strong></span> <span class='ocrx_word' id='word_1_204' title='bbox 672 2421 826 2487; x_wconf 89' lang='lat' dir='ltr'><strong>competere</strong></span> <span class='ocrx_word' id='word_1_205' title='bbox 841 2421 951 2487; x_wconf 85' lang='lat' dir='ltr'><strong>potest,</strong></span> <span class='ocrx_word' id='word_1_206' title='bbox 967 2415 1014 2486; x_wconf 90' lang='lat' dir='ltr'><strong>qui</strong></span> <span class='ocrx_word' id='word_1_207' title='bbox 1029 2419 1083 2468; x_wconf 87' lang='lat' dir='ltr'><strong>tarn</strong></span> <span class='ocrx_word' id='word_1_208' title='bbox 1100 2428 1133 2468; x_wconf 79' lang='lat' dir='ltr'><strong>eu</strong></span> 
     </span>
    </p>

    <p class='ocr_par' dir='ltr' id='par_1_6' title="bbox 131 2491 1135 2823">
     <span class='ocr_line' id='line_1_26' title="bbox 131 2491 1135 2571; baseline 0.003 -22"><span class='ocrx_word' id='word_1_209' title='bbox 131 2499 147 2548; x_wconf 79' lang='lat'>2</span> <span class='ocrx_word' id='word_1_210' title='bbox 165 2494 301 2550; x_wconf 83' lang='lat' dir='ltr'><strong>veteribus</strong></span> <span class='ocrx_word' id='word_1_211' title='bbox 318 2511 397 2571; x_wconf 89' lang='lat' dir='ltr'><strong>quam</strong></span> <span class='ocrx_word' id='word_1_212' title='bbox 409 2499 510 2553; x_wconf 86' lang='lat' dir='ltr'><strong>nostris</strong></span> <span class='ocrx_word' id='word_1_213' title='bbox 523 2497 764 2554; x_wconf 83' lang='lat' dir='ltr'><strong>constitutionibus</strong></span> <span class='ocrx_word' id='word_1_214' title='bbox 775 2497 926 2554; x_wconf 83' lang='lat' dir='ltr'><strong>introducti</strong></span> <span class='ocrx_word' id='word_1_215' title='bbox 937 2506 1011 2554; x_wconf 90' lang='lat' dir='ltr'><strong>snut.</strong></span> <span class='ocrx_word' id='word_1_216' title='bbox 1035 2491 1135 2553; x_wconf 72' lang='lat' dir='ltr'><strong>lScrvi</strong></span> 
     </span>
     <span class='ocr_line' id='line_1_27' title="bbox 166 2580 1135 2656; baseline 0.002 -22"><span class='ocrx_word' id='word_1_217' title='bbox 166 2596 231 2636; x_wconf 91' lang='lat' dir='ltr'><strong>vero</strong></span> <span class='ocrx_word' id='word_1_218' title='bbox 247 2595 262 2635; x_wconf 89' lang='lat' dir='ltr'><strong>a</strong></span> <span class='ocrx_word' id='word_1_219' title='bbox 276 2580 392 2637; x_wconf 84' lang='lat' dir='ltr'><strong>dominis</strong></span> <span class='ocrx_word' id='word_1_220' title='bbox 407 2599 516 2656; x_wconf 85' lang='lat' dir='ltr'><strong>seraper·</strong></span> <span class='ocrx_word' id='word_1_221' title='bbox 531 2584 683 2638; x_wconf 87' lang='lat' dir='ltr'><strong>manumitti</strong></span> <span class='ocrx_word' id='word_1_222' title='bbox 699 2583 800 2654; x_wconf 89' lang='lat' dir='ltr'><strong>solent,</strong></span> <span class='ocrx_word' id='word_1_223' title='bbox 816 2582 882 2638; x_wconf 86' lang='lat' dir='ltr'><strong>adeo</strong></span> <span class='ocrx_word' id='word_1_224' title='bbox 899 2590 929 2638; x_wconf 92' lang='lat' dir='ltr'><strong>nt</strong></span> <span class='ocrx_word' id='word_1_225' title='bbox 945 2583 986 2638; x_wconf 84' lang='lat' dir='ltr'><strong>ael</strong></span> <span class='ocrx_word' id='word_1_226' title='bbox 1001 2584 1029 2638; x_wconf 93' lang='lat' dir='ltr'><strong>in</strong></span> <span class='ocrx_word' id='word_1_227' title='bbox 1045 2591 1135 2638; x_wconf 89' lang='lat' dir='ltr'><strong>trans·</strong></span> 
     </span>
     <span class='ocr_line' id='line_1_28' title="bbox 166 2666 1135 2741; baseline 0.002 -21"><span class='ocrx_word' id='word_1_228' title='bbox 166 2666 206 2720; x_wconf 91' lang='lat' dir='ltr'><strong>itu</strong></span> <span class='ocrx_word' id='word_1_229' title='bbox 232 2667 470 2739; x_wconf 79' lang='lat' dir='ltr'><strong>manumittantur,</strong></span> <span class='ocrx_word' id='word_1_230' title='bbox 502 2666 586 2723; x_wconf 86' lang='lat' dir='ltr'><strong>velati</strong></span> <span class='ocrx_word' id='word_1_231' title='bbox 617 2683 678 2722; x_wconf 89' lang='lat' dir='ltr'><strong>eum</strong></span> <span class='ocrx_word' id='word_1_232' title='bbox 703 2675 813 2740; x_wconf 87' lang='lat' dir='ltr'><strong>praetor</strong></span> <span class='ocrx_word' id='word_1_233' title='bbox 844 2675 889 2722; x_wconf 90' lang='lat' dir='ltr'><strong>ant</strong></span> <span class='ocrx_word' id='word_1_234' title='bbox 915 2667 1064 2741; x_wconf 90' lang='lat' dir='ltr'><strong>proconsul</strong></span> <span class='ocrx_word' id='word_1_235' title='bbox 1086 2676 1135 2722; x_wconf 92' lang='lat' dir='ltr'><strong>ant</strong></span> 
     </span>
     <span class='ocr_line' id='line_1_29' title="bbox 165 2750 776 2823; baseline 0.002 -18"><span class='ocrx_word' id='word_1_236' title='bbox 165 2767 275 2823; x_wconf 89' lang='lat' dir='ltr'><strong>praeses</strong></span> <span class='ocrx_word' id='word_1_237' title='bbox 291 2751 318 2806; x_wconf 93' lang='lat' dir='ltr'><strong>in</strong></span> <span class='ocrx_word' id='word_1_238' title='bbox 333 2750 458 2807; x_wconf 90' lang='lat' dir='ltr'><strong>balneum</strong></span> <span class='ocrx_word' id='word_1_239' title='bbox 473 2751 515 2808; x_wconf 88' lang='lat' dir='ltr'><strong>vel</strong></span> <span class='ocrx_word' id='word_1_240' title='bbox 530 2753 557 2807; x_wconf 92' lang='lat' dir='ltr'><strong>in</strong></span> <span class='ocrx_word' id='word_1_241' title='bbox 573 2752 708 2807; x_wconf 85' lang='lat' dir='ltr'><strong>theatrum</strong></span> <span class='ocrx_word' id='word_1_242' title='bbox 724 2759 776 2807; x_wconf 89' lang='lat' dir='ltr'><strong>eat.</strong></span> 
     </span>
    </p>

    <p class='ocr_par' dir='ltr' id='par_1_7' title="bbox 131 2829 1137 3163">
     <span class='ocr_line' id='line_1_30' title="bbox 131 2829 1135 2910; baseline 0.001 -21"><span class='ocrx_word' id='word_1_243' title='bbox 131 2835 147 2883; x_wconf 89' lang='grc'>3</span> <span class='ocrx_word' id='word_1_244' title='bbox 230 2829 447 2892; x_wconf 73' lang='lat' dir='ltr'><strong>4libertinorum</strong></span> <span class='ocrx_word' id='word_1_245' title='bbox 462 2844 552 2892; x_wconf 89' lang='lat' dir='ltr'><strong>antem</strong></span> <span class='ocrx_word' id='word_1_246' title='bbox 572 2843 659 2892; x_wconf 88' lang='lat' dir='ltr'><strong>status</strong></span> <span class='ocrx_word' id='word_1_247' title='bbox 676 2837 826 2910; x_wconf 88' lang='lat' dir='ltr'><strong>tripertitus</strong></span> <span class='ocrx_word' id='word_1_248' title='bbox 848 2843 926 2892; x_wconf 89' lang='lat' dir='ltr'><strong>antea</strong></span> <span class='ocrx_word' id='word_1_249' title='bbox 946 2835 1049 2891; x_wconf 89' lang='lat' dir='ltr'><strong>luerat:</strong></span> <span class='ocrx_word' id='word_1_250' title='bbox 1071 2851 1135 2890; x_wconf 87' lang='lat' dir='ltr'><strong>nam</strong></span> 
     </span>
     <span class='ocr_line' id='line_1_31' title="bbox 166 2919 1135 2992; baseline 0.001 -18"><span class='ocrx_word' id='word_1_251' title='bbox 166 2920 213 2992; x_wconf 91' lang='lat' dir='ltr'><strong>qui</strong></span> <span class='ocrx_word' id='word_1_252' title='bbox 239 2919 517 2992; x_wconf 85' lang='lat' dir='ltr'><strong>manumittebantur,</strong></span> <span class='ocrx_word' id='word_1_253' title='bbox 543 2920 624 2977; x_wconf 89' lang='lat' dir='ltr'><strong>modo</strong></span> <span class='ocrx_word' id='word_1_254' title='bbox 651 2921 778 2976; x_wconf 91' lang='lat' dir='ltr'><strong>maiorem</strong></span> <span class='ocrx_word' id='word_1_255' title='bbox 804 2929 832 2976; x_wconf 89' lang='lat' dir='ltr'><strong>et</strong></span> <span class='ocrx_word' id='word_1_256' title='bbox 857 2923 955 2979; x_wconf 88' lang='lat' dir='ltr'><strong>iustam</strong></span> <span class='ocrx_word' id='word_1_257' title='bbox 981 2919 1135 2976; x_wconf 89' lang='lat' dir='ltr'><strong>libertatem</strong></span> 
     </span>
     <span class='ocr_line' id='line_1_32' title="bbox 165 3003 1137 3077; baseline 0.001 -18"><span class='ocrx_word' id='word_1_258' title='bbox 165 3003 402 3077; x_wconf 90' lang='lat' dir='ltr'><strong>consequebantur</strong></span> <span class='ocrx_word' id='word_1_259' title='bbox 427 3013 455 3061; x_wconf 92' lang='lat' dir='ltr'><strong>et</strong></span> <span class='ocrx_word' id='word_1_260' title='bbox 476 3003 574 3061; x_wconf 86' lang='lat' dir='ltr'><strong>fiebant</strong></span> <span class='ocrx_word' id='word_1_261' title='bbox 599 3007 670 3062; x_wconf 89' lang='lat' dir='ltr'><strong>cives</strong></span> <span class='ocrx_word' id='word_1_262' title='bbox 690 3004 816 3069; x_wconf 87' lang='lat' dir='ltr'><strong>Romani,</strong></span> <span class='ocrx_word' id='word_1_263' title='bbox 844 3005 926 3061; x_wconf 90' lang='lat' dir='ltr'><strong>modo</strong></span> <span class='ocrx_word' id='word_1_264' title='bbox 952 3005 1084 3061; x_wconf 88' lang='lat' dir='ltr'><strong>minorem</strong></span> <span class='ocrx_word' id='word_1_265' title='bbox 1106 3013 1137 3060; x_wconf 89' lang='lat' dir='ltr'><strong>et</strong></span> 
     </span>
     <span class='ocr_line' id='line_1_33' title="bbox 165 3088 1136 3163; baseline 0.001 -20"><span class='ocrx_word' id='word_1_266' title='bbox 165 3088 252 3143; x_wconf 81' lang='lat' dir='ltr'><strong>latini</strong></span> <span class='ocrx_word' id='word_1_267' title='bbox 284 3089 399 3163; x_wconf 79' lang='lat' dir='ltr'><strong>exlege</strong></span> <span class='ocrx_word' id='word_1_268' title='bbox 431 3089 506 3146; x_wconf 91' lang='lat' dir='ltr'><strong>lunia</strong></span> <span class='ocrx_word' id='word_1_269' title='bbox 526 3089 650 3146; x_wconf 89' lang='lat' dir='ltr'><strong>Norbana</strong></span> <span class='ocrx_word' id='word_1_270' title='bbox 676 3088 790 3154; x_wconf 84' lang='lat' dir='ltr'><strong>fiebant,</strong></span> <span class='ocrx_word' id='word_1_271' title='bbox 817 3089 898 3146; x_wconf 90' lang='lat' dir='ltr'><strong>modo</strong></span> <span class='ocrx_word' id='word_1_272' title='bbox 922 3089 1079 3144; x_wconf 81' lang='lat' dir='ltr'><strong>inferiorern</strong></span> <span class='ocrx_word' id='word_1_273' title='bbox 1105 3097 1136 3144; x_wconf 91' lang='lat' dir='ltr'><strong>et</strong></span> 
     </span>
    </p>
   </div>
   <div class='ocr_carea' id='block_1_5' title="bbox 165 3301 1136 3507">
    <p class='ocr_par' dir='ltr' id='par_1_8' title="bbox 165 3301 1136 3507">
     <span class='ocr_line' id='line_1_34' title="bbox 235 3301 1136 3372; baseline -0.001 -17"><span class='ocrx_word' id='word_1_274' title='bbox 235 3303 254 3372; x_wconf 88' lang='lat'><strong>¹)</strong></span> <span class='ocrx_word' id='word_1_275' title='bbox 273 3306 478 3364; x_wconf 75' lang='lat' dir='ltr'><strong>tntt.=6ai.1,</strong></span> <span class='ocrx_word' id='word_1_276' title='bbox 493 3307 532 3355; x_wconf 91' lang='lat'><strong>11.</strong></span> <span class='ocrx_word' id='word_1_277' title='bbox 552 3307 584 3357; x_wconf 84' lang='lat' dir='ltr'><strong>L.</strong></span> <span class='ocrx_word' id='word_1_278' title='bbox 598 3308 622 3356; x_wconf 87' lang='grc'><strong>6.</strong></span> <span class='ocrx_word' id='word_1_279' title='bbox 641 3307 674 3359; x_wconf 86' lang='lat' dir='ltr'><strong>D.</strong></span> <span class='ocrx_word' id='word_1_280' title='bbox 694 3307 726 3355; x_wconf 86' lang='lat' dir='ltr'><strong>de</strong></span> <span class='ocrx_word' id='word_1_281' title='bbox 743 3311 812 3354; x_wconf 81' lang='lat' dir='ltr'><strong>state</strong></span> <span class='ocrx_word' id='word_1_282' title='bbox 830 3305 894 3356; x_wconf 80' lang='lat' dir='ltr'><strong>bom.</strong></span> <span class='ocrx_word' id='word_1_283' title='bbox 913 3301 948 3369; x_wconf 86' lang='lat'><strong>(1,</strong></span> <span class='ocrx_word' id='word_1_284' title='bbox 967 3303 1004 3368; x_wconf 82' lang='lat' dir='ltr'><strong>b).</strong></span> <span class='ocrx_word' id='word_1_285' title='bbox 1039 3301 1061 3368; x_wconf 79' lang='lat'><strong>²)</strong></span> <span class='ocrx_word' id='word_1_286' title='bbox 1072 3305 1136 3366; x_wconf 76' lang='lat' dir='ltr'><strong>sere</strong></span> 
     </span>
     <span class='ocr_line' id='line_1_35' title="bbox 165 3369 1136 3440; baseline -0.001 -17"><span class='ocrx_word' id='word_1_287' title='bbox 165 3395 199 3415; x_wconf 94' lang='lat'>=</span> <span class='ocrx_word' id='word_1_288' title='bbox 211 3374 245 3422; x_wconf 87' lang='lat' dir='ltr'><strong>L.</strong></span> <span class='ocrx_word' id='word_1_289' title='bbox 262 3377 288 3426; x_wconf 88' lang='lat'><strong>4.</strong></span> <span class='ocrx_word' id='word_1_290' title='bbox 308 3375 341 3429; x_wconf 83' lang='lat' dir='ltr'><strong>D.</strong></span> <span class='ocrx_word' id='word_1_291' title='bbox 360 3376 392 3424; x_wconf 83' lang='lat' dir='ltr'><strong>dc</strong></span> <span class='ocrx_word' id='word_1_292' title='bbox 409 3375 488 3428; x_wconf 76' lang='lat' dir='ltr'><strong>instit.</strong></span> <span class='ocrx_word' id='word_1_293' title='bbox 508 3373 546 3440; x_wconf 83' lang='lat'><strong>(1,</strong></span> <span class='ocrx_word' id='word_1_294' title='bbox 567 3371 593 3440; x_wconf 89' lang='lat'><strong>1)</strong></span> <span class='ocrx_word' id='word_1_295' title='bbox 616 3389 652 3424; x_wconf 73' lang='lat' dir='ltr'><strong>ecc</strong></span> <span class='ocrx_word' id='word_1_296' title='bbox 671 3373 730 3437; x_wconf 84' lang='lat' dir='ltr'><strong>Uip.</strong></span> <span class='ocrx_word' id='word_1_297' title='bbox 750 3375 766 3425; x_wconf 94' lang='lat' dir='ltr'><strong>l.</strong></span> <span class='ocrx_word' id='word_1_298' title='bbox 786 3375 800 3422; x_wconf 93' lang='lat'>1</span> <span class='ocrx_word' id='word_1_299' title='bbox 819 3373 898 3424; x_wconf 77' lang='lat' dir='ltr'><strong>instit.</strong></span> <span class='ocrx_word' id='word_1_300' title='bbox 968 3369 989 3437; x_wconf 78' lang='lat'><strong>³)</strong></span> <span class='ocrx_word' id='word_1_301' title='bbox 1007 3371 1054 3421; x_wconf 74' lang='lat' dir='ltr'><strong>Ere</strong></span> <span class='ocrx_word' id='word_1_302' title='bbox 1074 3372 1136 3422; x_wconf 83' lang='lat' dir='ltr'><strong>Gai.</strong></span> 
     </span>
     <span class='ocr_line' id='line_1_36' title="bbox 167 3439 582 3507; baseline 0.007 -17"><span class='ocrx_word' id='word_1_303' title='bbox 167 3445 190 3499; x_wconf 91' lang='lat'><strong>1,</strong></span> <span class='ocrx_word' id='word_1_304' title='bbox 209 3443 251 3494; x_wconf 78' lang='lat'><strong>20.</strong></span> <span class='ocrx_word' id='word_1_305' title='bbox 321 3439 343 3507; x_wconf 82' lang='lat'><strong>⁴)</strong></span> <span class='ocrx_word' id='word_1_306' title='bbox 362 3443 403 3505; x_wconf 75' lang='lat' dir='ltr'><strong>Of.</strong></span> <span class='ocrx_word' id='word_1_307' title='bbox 425 3443 481 3496; x_wconf 81' lang='lat' dir='ltr'><strong>Gai.</strong></span> <span class='ocrx_word' id='word_1_308' title='bbox 500 3446 523 3500; x_wconf 91' lang='lat'><strong>1,</strong></span> <span class='ocrx_word' id='word_1_309' title='bbox 543 3443 582 3493; x_wconf 80' lang='lat'><strong>12.</strong></span> 
     </span>
    </p>
   </div>
   <div class='ocr_carea' id='block_1_6' title="bbox 0 0 1252 3916">
    <p class='ocr_par' dir='ltr' id='par_1_9' title="bbox 0 0 1252 3916">
     <span class='ocr_line' id='line_1_37' title="bbox 0 0 1252 3916; baseline 0 0"><span class='ocrx_word' id='word_1_310' title='bbox 0 0 1252 3916; x_wconf 95' lang='lat' dir='ltr'><strong> </strong></span> 
     </span>
    </p>
   </div>
  </div>
 </body>
</html>
