2484 3916
194 233 230 267 nn
249 197 384 268 ncennuu
403 231 565 276 ouenrrerre
583 233 619 268 nr
637 235 832 272 orrrncsrvrrs
851 221 887 284 ΙΙ,
908 225 947 273 19.
1019 220 1060 285 79

95 382 183 430 autem
198 373 231 429 de
247 381 343 447 quarta
357 374 488 446 diximus,
504 376 541 431 ita
555 375 771 450 intellegendum
783 385 901 449 est,.ut‚
918 379 973 435 sive
988 396 1058 436 unus

93 459 174 514 fuerit
189 459 246 514 sive
265 458 373 532 plures,
394 458 493 532 quibus
508 475 589 534 agere
603 460 637 516 de
652 461 805 526 inofficioso
817 469 982 519 testamento
998 481 1059 538 per·

92 544 222 614 mittitur,
249 559 302 598 una
318 550 415 617 quarta
435 545 474 599 eis
489 544 546 600 dari
561 547 663 618 possit,
686 553 717 602 ut
731 561 781 620 pro
802 555 860 603 rata
881 547 1058 604 distribuatur

93 630 140 698 eis,
156 627 184 683 id
199 633 242 684 est
256 643 307 701 pro
323 626 392 684 virili
407 630 550 701 portione,
567 635 671 702 quarta.

508 823 565 865 TI'I'.
577 823 643 865 XIX.

156 927 207 976 DE
226 926 412 978 HEREDUM
431 925 641 990 QUALITATE
660 928 707 977 ET
726 929 990 980 DIFFERENTIA.

154 1043 165 1082 ¹
179 1048 299 1106 Heredes
314 1056 405 1105 autem
420 1056 467 1104 aut
487 1052 631 1106 necessarii
653 1049 781 1106 dicuntur
801 1058 848 1106 aut
862 1053 905 1107 sui
920 1060 947 1108 et
962 1069 1056 1108 neces·
1073 1073 1108 1113 rs

89 1135 150 1190 sarii
166 1141 215 1189 aut
229 1135 360 1190 extranei.
398 1133 572 1190 Necessarius
598 1136 678 1191 heres
702 1143 745 1192 est
770 1152 864 1191 servus
885 1137 965 1192 heres
981 1138 1091 1196 insti-1

89 1225 181 1274 tutus:
211 1217 274 1274 ideo
289 1220 328 1274 sic
343 1217 509 1292 appellatur,
534 1221 612 1292 quia,
638 1221 694 1276 sive
708 1221 773 1277 velit
788 1221 844 1276 sive
860 1221 944 1295 nolit,
972 1224 1058 1278 ornni·

88 1303 171 1359 modo
196 1311 261 1377 post
286 1309 403 1358 mortem
431 1305 570 1360 testatoris
595 1306 721 1377 protinus
747 1303 816 1360 liber
839 1312 867 1360 et
889 1308 1058 1362 necessarius

89 1389 170 1444 heres
185 1385 224 1443 fit.
262 1387 334 1442 unde
355 1389 402 1461 qui
424 1387 567 1444 facultates
587 1405 650 1444 suas
671 1396 811 1463 suspectas
831 1388 946 1462 habent,
969 1391 1059 1446 soient

88 1488 199 1528 servum
213 1486 293 1528 suum
317 1473 405 1544 primo
432 1479 479 1528 aut
503 1472 624 1528 secundo
650 1473 693 1528 vel
719 1474 799 1530 etiarn
821 1473 951 1530 ulteriore
971 1475 1058 1548 gradu

87 1555 218 1614 heredem
231 1557 390 1628 instituere,
421 1563 466 1628 ut,
493 1559 516 1613 si
531 1556 710 1614 creditoribus
725 1559 790 1614 satis
805 1574 860 1614 uon
876 1557 938 1630 dat,
964 1560 1057 1632 potius

87 1643 144 1698 eius
161 1640 270 1697 heredis
285 1640 357 1696 bona
373 1657 453 1714 quarn
468 1643 551 1716 ipsius
572 1643 712 1698 testatoris
734 1659 749 1698 a
769 1641 949 1698 creditoribus
970 1645 1058 1716 possi·

87 1726 205 1782 deantur
229 1725 273 1781 vel
299 1725 484 1782 distrahantur
510 1725 553 1784 vel
577 1728 711 1784 intereos
737 1726 898 1784 dividantur.
939 1744 989 1802 pro
1005 1729 1058 1784 hoc

87 1819 180 1866 tamen
194 1808 368 1866 incommodo
383 1810 450 1866 illud
466 1812 491 1866 ei
506 1811 679 1868 commodum
693 1819 863 1886 praestatur,
887 1819 917 1868 ut
931 1829 973 1885 ea,
989 1829 1058 1886 quae

86 1903 150 1970 post
167 1901 285 1952 mortem
300 1896 409 1969 patroni
423 1897 466 1951 sui
481 1894 530 1952 sihi
547 1895 721 1970 adquisierit,
742 1897 794 1971 ipsi
809 1903 999 1953 reserventur:
1030 1903 1058 1953 et

86 1981 211 2054 quamvis
226 1984 282 2036 non
298 1977 434 2036 sufficiant
454 1979 525 2036 hona
545 1980 666 2036 defuncti
687 1981 884 2053 creditoribus,
904 1983 1004 2037 iterum
1024 1997 1057 2036 ex

86 2083 115 2120 eo
129 2081 215 2122 eausa
240 2081 284 2120 res
304 2065 377 2136 eius,
406 2081 472 2138 quas
488 2063 539 2120 sihi
554 2065 730 2138 adquisierit,
756 2082 813 2121 uon
835 2073 965 2130 veneunt,
1010 2065 1057 2121 Sui
1075 2078 1091 2126 2

85 2157 180 2206 autem
203 2157 230 2205 et
256 2150 400 2205 necessarii
425 2149 539 2206 heredes
565 2156 630 2204 sunt
652 2149 737 2204 veluti
763 2147 849 2219 filius,
876 2147 945 2220 filia,
970 2165 1056 2222 nepos

85 2235 234 2308 neptisque
250 2249 282 2289 er
297 2231 354 2289 filio
370 2239 399 2289 et
413 2234 542 2307 deinceps
558 2233 640 2289 ceteri
655 2231 750 2305 liberi,
772 2233 819 2307 qui
838 2231 920 2288 modo
935 2234 964 2288 in
979 2240 1057 2306 pote-

86 2326 157 2376 state
185 2319 326 2375 morientis
352 2318 464 2376 fuerint.
503 2318 551 2374 sed
577 2327 608 2374 ut
632 2334 719 2391 nepos
746 2318 869 2390 neptisve
884 2318 926 2372 sni
942 2317 1056 2374 heredes

84 2405 157 2476 sint,
175 2419 232 2460 uon
247 2401 363 2475 suffieit,
385 2419 447 2459 enm
461 2419 552 2460 eamve
567 2404 595 2459 in
609 2409 747 2477 potestate
767 2403 808 2457 avi
823 2403 919 2458 mortis
934 2409 1058 2476 tempore

85 2487 191 2560 inisse,
207 2487 254 2544 sed
271 2504 340 2562 opus
357 2495 414 2560 est,
430 2497 461 2544 ut
474 2495 553 2562 pater
565 2489 623 2544 eius
638 2489 698 2543 vivo
710 2493 787 2562 patre
797 2503 848 2543 suo
864 2487 978 2543 desierit
989 2504 1056 2544 suus

84 2573 169 2630 heres
194 2588 269 2644 esse,
296 2579 343 2628 aut
369 2575 457 2629 morte
482 2574 650 2646 interceptus
674 2580 722 2628 aut
742 2571 862 2646 qualibet
882 2571 932 2628 alia
951 2573 1056 2628 ratione

85 2657 219 2714 liberatus
233 2663 386 2731 potestate:
413 2663 478 2714 tunc
493 2657 565 2713 enim
580 2674 666 2732 nepos
686 2658 809 2731 neptisve
823 2658 852 2712 in
867 2656 958 2712 locum
972 2657 1057 2728 patris

86 2743 127 2798 sui
143 2741 277 2798 succedit.
315 2741 364 2799 sed
385 2743 427 2798 sui
443 2742 552 2816 quidem
567 2742 681 2798 heredes
701 2741 763 2798 ideo
785 2740 972 2815 appellantur,
993 2741 1057 2812 quia

86 2826 231 2883 domestici
256 2827 371 2884 heredes
397 2835 463 2883 sunt
487 2835 515 2883 et
538 2827 598 2882 vivo
625 2843 736 2901 quoque
760 2834 839 2900 patre
854 2823 1055 2900 quodammodo

86 2911 191 2968 domini
206 2912 402 2969 existimantur.
440 2911 512 2968 unde
528 2912 624 2984 etiam,
646 2913 670 2967 si
691 2913 751 2986 quis
769 2913 916 2968 intestatus
932 2917 1056 2966 mortuus

86 2998 139 3068 sit,
157 2997 242 3070 prima
256 3013 336 3054 eausa
352 3005 394 3054 est
408 2999 435 3054 in
451 2998 624 3054 successione
644 2995 801 3052 liberorum.
832 2995 977 3052 necessarii
992 3011 1057 3051 vero

85 3081 150 3137 ideo
166 3082 310 3154 dicuntur,
327 3084 390 3157 quia
405 3082 577 3154 omnimodo,
598 3083 654 3138 sive
668 3081 754 3138 velint
767 3082 824 3138 sive
839 3080 938 3152 nolint,
954 3089 1009 3136 tam
1024 3077 1056 3134 ab

85 3167 218 3223 intestato
234 3183 314 3242 quem
335 3184 368 3224 ex
389 3174 552 3226 testamento
573 3166 688 3224 heredes
705 3163 784 3222 fiunt.
823 3165 870 3224 sed
891 3165 933 3222 his
948 3171 1058 3239 praetor

86 3252 222 3324 permittit
237 3249 393 3310 volentibus
409 3251 544 3310 abstinere
565 3270 595 3308 se
615 3251 647 3308 ab
663 3251 831 3323 hereditate,
853 3258 885 3306 ut
904 3251 996 3324 potius
1011 3263 1057 3321 pa·

160 3518 178 3582 ¹)
193 3537 237 3586 rr.
257 3521 297 3584 cs.
318 3523 398 3575 1...4
414 3520 473 3585 pre
490 3539 524 3562 =
544 3519 599 3572 aas.
618 3520 642 3577 e,
663 3517 819 3570 roe...rae.
