2486 3916
411 209 446 243 nn
466 208 557 244 annus
576 208 819 244 ruccnroaamnus
839 194 877 258 11,
889 197 914 248 2.
1108 193 1151 260 45

181 354 264 406 missa
279 350 363 406 luerit
377 352 456 423 isque
472 365 504 405 ex
520 351 562 406 his
577 351 696 424 negotiis
711 367 767 406 rem
788 351 939 408 vendiderit
955 359 982 406 et
998 351 1149 423 tradiderit,

181 436 247 492 iacit
273 453 330 490 eam
357 435 522 508 accipientis.
559 435 697 490 Interdum
721 437 801 490 etiam
826 437 884 492 sine
907 435 1053 492 traditione
1079 437 1150 492 nuda
1168 443 1202 491 tt
1236 495 1237 502 χ

181 520 309 576 voluntas
325 517 427 575 suflicit
443 518 545 574 domini
566 519 670 576 adrem
693 519 921 592 transferendam,
942 520 1027 576 veluti
1043 520 1067 576 si
1081 535 1149 592 rem,

182 621 264 678 quarn
278 603 327 660 tibi
342 603 439 678 aliquis
454 603 634 660 commodavit
649 603 805 680 autiocavit
820 613 866 660 aut
881 604 952 678 apud
968 611 996 662 te
1011 603 1149 678 deposuit,

181 688 334 744 vendiderit
358 687 405 743 tibi
428 693 472 743 aut
494 687 643 744 donaverit.
670 689 791 762 quamvis
815 690 887 744 enim
913 705 945 745 cx
961 705 992 745 ea
1007 706 1086 746 causa
1101 688 1150 746 tibi

180 789 239 828 eam
256 789 312 829 non
333 771 489 842 tradiderit,
511 789 543 828 eo
565 779 655 828 tamen
670 774 747 846 ipso,
770 773 843 846 quod
863 774 965 848 patitur
985 781 1058 830 tuam
1079 789 1149 844 csse,

179 858 274 912 statim
290 856 445 930 adquiritur
459 855 507 911 tibi
528 858 682 930 proprietas
696 857 811 931 perinde
821 875 862 914 ac
878 859 901 914 si
923 875 956 913 eo
973 859 1082 914 nomine
1097 866 1150 913 tra·

74 1003 87 1017 ..
180 941 240 996 dita
251 940 360 996 'luisset
397 939 464 996 ltem
480 941 503 996 si
524 943 584 1015 quis
605 957 709 1018 merces
730 944 758 998 in
779 943 880 998 horreo
902 942 1038 1016 depositas
1059 939 1151 998 vendi·
1168 939 1201 993 45
1236 975 1237 980 κ

180 1025 268 1097 derit,
290 1026 372 1081 simul
393 1031 475 1100 atque
490 1025 577 1081 claves
600 1027 692 1082 horrei
708 1027 849 1084 tradiderit
869 1027 1000 1102 emptori,
1021 1025 1151 1082 transfert

179 1111 378 1184 proprietatem
395 1111 524 1164 mercium
545 1109 578 1166 ad
594 1117 754 1185 emptorem.
800 1111 859 1168 lloc
879 1112 993 1186 amplius
1013 1110 1150 1167 interdum
1168 1110 1201 1162 46
1236 1173 1237 1176 ¹

180 1201 210 1250 et
224 1195 252 1250 in
266 1196 396 1250 incertam
411 1211 555 1267 personam
570 1195 702 1252 collocata
717 1196 841 1252 voluntas
853 1195 955 1252 domini
968 1196 1096 1252 transient
1111 1197 1151 1250 rei

181 1281 393 1353 proprietatem:
421 1286 451 1334 ut
467 1295 529 1334 ecce
543 1287 685 1352 praetores
705 1280 748 1336 vel
762 1281 906 1353 consides,
928 1282 974 1355 qui
989 1281 1099 1336 missilia
1113 1281 1150 1335 ia·

181 1370 256 1418 etant
270 1365 299 1419 in
315 1362 429 1437 vulgus,
445 1363 588 1436 ignorant,
605 1364 669 1437 qnid
685 1381 780 1422 eorum
796 1367 911 1438 quisque
928 1373 1091 1438 excepturus
1103 1365 1149 1436 sit,

184 1453 328 1519 ettamen,
357 1449 420 1520 quia
446 1447 557 1518 volunt,
584 1448 657 1521 quod
684 1450 799 1522 quisque
821 1450 972 1522 exceperit,
999 1450 1057 1504 cius
1078 1465 1149 1518 esse,
1236 1483 1237 1490 κ

182 1533 274 1588 statim
290 1549 351 1588 eum
367 1531 506 1588 dominum
527 1530 658 1588 efficiunt.
697 1531 754 1600 Qua
774 1535 880 1589 ratione
895 1535 985 1589 verius
1002 1547 1062 1587 esse
1078 1532 1150 1587 vide·
1167 1536 1200 1585 47

180 1623 229 1671 tur
255 1624 298 1688 et,
324 1617 347 1672 si
373 1633 430 1672 rem
456 1629 508 1690 pro
524 1616 654 1678 derelicto
675 1617 816 1673 adomino
842 1617 958 1674 habitam
980 1617 1150 1690 occupaverit

181 1702 260 1774 quis,
281 1702 371 1756 statim
389 1717 451 1756 eum
473 1700 611 1758 dominum
627 1699 706 1758 effici.
744 1719 794 1776 pro
817 1703 950 1760 derelicto
966 1709 1055 1758 autem
1070 1699 1150 1756 habe-

181 1793 245 1856 tur,
272 1783 346 1858 quod
366 1785 493 1841 doninus
515 1802 546 1841 ea
567 1794 657 1842 mente
678 1785 820 1860 abiecerit,
847 1795 878 1843 nt
891 1788 920 1844 id
935 1803 1025 1844 rerum
1040 1801 1149 1842 suarum

181 1886 243 1926 esse
258 1869 361 1941 nollet,
377 1869 494 1944 ideoque
508 1872 598 1926 statim
619 1870 744 1928 dominus
760 1889 821 1928 esse
836 1873 944 1929 desinit.
985 1865 1059 1928 ¹Alia
1071 1887 1150 1927 causa
1167 1875 1200 1923 48

180 1962 225 2010 est
251 1971 342 2011 earum
367 1971 475 2027 rerum,
503 1971 571 2028 quae
596 1957 624 2011 in
650 1963 811 2030 tempestate
837 1959 917 2012 maris
933 1956 1060 2013 levandae
1075 1947 1172 2010 navis*

181 2055 263 2094 causa
278 2041 434 2096 eiciuntur·
461 2041 510 2095 hae
526 2041 597 2095 enim
612 2039 784 2096 dominorum
800 2049 969 2114 permanent,
986 2041 1048 2112 quia
1062 2039 1149 2113 palam

181 2130 241 2196 est,
267 2141 311 2180 eas
338 2141 393 2180 nou
409 2140 441 2180 eo
458 2125 546 2180 animo
562 2125 628 2194 eici,
656 2117 732 2196 quo²
753 2125 812 2197 quis
835 2141 880 2180 eas
896 2124 995 2180 habere
1010 2139 1065 2178 uon
1080 2123 1148 2193 vult,

182 2208 230 2264 sed
247 2225 302 2282 quo
318 2209 403 2283 magis
420 2225 481 2264 cum
496 2209 558 2282 ipsa
569 2209 628 2262 navi
643 2207 794 2280 periculum
809 2209 890 2264 maris
906 2205 1030 2284 effugiat:
1048 2223 1100 2280 qua
1116 2207 1149 2262 de

182 2309 263 2350 causa
278 2295 302 2348 si
318 2294 378 2367 quis
393 2309 439 2349 cas
454 2291 581 2349 iluctibus
597 2292 723 2367 expulsas
746 2292 787 2348 vel
808 2293 888 2348 etiam
902 2294 931 2348 in
946 2294 1006 2367 ipso
1022 2291 1088 2347 mari
1103 2307 1149 2346 na·

182 2385 243 2434 ctus
258 2377 381 2434 lucrandi
402 2379 490 2434 animo
512 2376 671 2449 abstulerit,
691 2377 795 2433 lurtum
816 2379 971 2434 committit.
1001 2393 1052 2434 nec
1066 2376 1149 2452 longe

183 2460 322 2518 discedere
337 2462 463 2519 videntur
479 2461 510 2519 ab
525 2463 584 2534 his,
604 2479 672 2538 quae
693 2462 726 2518 de
741 2462 824 2519 rheda
839 2470 983 2534 currente,
997 2479 1053 2519 non
1069 2461 1149 2518 Intel-

183 2547 340 2622 legentibus
356 2547 490 2620 dominis,
507 2547 616 2604 eadunt.

537 2759 539 2764 ¹
616 2743 673 2785 um.
686 2744 717 2785 11.

330 2831 331 2834 ’
365 2874 367 2878 -
398 2845 448 2898 nn
466 2845 585 2899 cneus
603 2845 934 2898 lncooronnnmus

233 2963 260 3003 ‘³
271 2969 405 3038 Quaedam
420 2977 561 3044 praeterea
575 2987 620 3026 res
636 2970 792 3044 corporales
809 2977 891 3042 sunt,
914 2968 1044 3043 quaedam
1059 2971 1147 3024 incor·
1165 2987 1201 3027 rr.

182 3056 299 3128 porales.
339 3053 500 3128 Corporales
516 3071 562 3110 eae
578 3063 658 3127 sunt,
675 3072 742 3129 quae
759 3056 801 3110 sui
816 3062 912 3110 natura
927 3057 1003 3128 tangi
1018 3061 1148 3128 possunt:
1169 3055 1181 3101 l

183 3141 267 3196 veluti
288 3139 405 3211 landus,
432 3140 530 3210 horno,
557 3141 656 3212 vestis,
682 3156 792 3211 aurum,
819 3148 963 3213 argentum
984 3147 1011 3194 et
1033 3139 1149 3211 denique

182 3224 249 3280 aliae
264 3241 308 3280 res
323 3223 542 3280 innumerabiles,
580 3224 767 3298 lncorporalcs
783 3231 874 3280 autem
890 3231 968 3295 sunt,
990 3238 1058 3295 quae
1073 3223 1150 3295 tangi
1168 3223 1183 3270 2

250 3421 271 3486 ¹)
287 3424 448 3487 sere=L.
468 3426 492 3477 9.
511 3424 536 3484 5.
555 3426 579 3474 8.
598 3424 631 3476 lt.
651 3424 707 3474 eod.
795 3404 982 3486 ²)'quodllip
1069 3418 1089 3480 ³)
1106 3435 1150 3482 pr.

182 3491 223 3554 ἐξ.
242 3489 431 3544 1-3.==Gat'.
450 3493 610 3554 2,12...14.
630 3490 778 3550 L.1.§.11.
798 3489 832 3538 1).
851 3491 883 3538 de
901 3489 973 3538 diois.
991 3502 1045 3536 rer.
1066 3485 1149 3536 tt.8l.
