2464 3916
225 233 260 268 οι
279 234 422 269 euertere
441 233 476 268 rr
494 231 668 269 vauorrmnm
686 217 738 281 ΙΙΙ,
757 221 790 270 23
808 217 870 284 (24).
982 217 1041 286 141

73 375 202 446 Homero,
218 376 265 448 qui
279 375 366 449 aliqua
381 383 458 449 parte
469 375 616 432 exereitum
629 375 790 430 Achivorum
802 375 892 432 vinum
904 373 955 431 sibi
970 392 1043 432 oom-

71 477 180 534 parasse
194 461 231 516 ait
246 461 406 534 permutatis
422 459 581 534 quibusdam
596 458 694 530 rebus,
710 459 752 515 his
767 452 889 516 verbis¹:

200 538 291 600 ἔνθεν
305 535 357 621 ἄρ’
375 540 518 612 οἰνίζοντο
532 539 773 620 καρηκομόωντες
787 535 914 619 Ἀχαιοί,

199 622 283 684 ἄλλοι
297 622 352 704 μὲν
367 628 481 710 χαλκῷ,
497 624 580 684 ἄλλοι
595 620 625 684 d’
642 623 756 685 αἴθωνι
771 621 899 707 σιδήρῳ,

199 708 283 770 ἄλλοι
297 706 330 770 δὲ
345 710 456 813 ῥινοῖς,
471 708 555 770 ἄλλοι
570 705 600 770 δ’
617 705 724 793 αὐτῇσι
739 708 857 790 βόεσσι,

199 793 281 854 ἄλλοι
296 791 326 854 d’
342 787 567 875 ανόροιιιόδεσσι.

72 883 192 940 diversae
212 883 322 940 scholae
342 892 468 940 auctores
489 892 583 940 contra
597 882 748 940 sentiebant
770 883 896 956 aliudque
912 899 972 938 esse
988 885 1043 939 exi·

71 967 216 1026 stimabant
230 970 456 1043 permutationem
471 985 578 1040 rerum,
599 967 671 1024 alind
687 969 851 1042 emptionem
867 975 894 1024 et
909 966 1042 1024 venditio-

73 1069 143 1109 nem.
173 1054 293 1126 alioquin
309 1070 364 1110 uon
378 1069 460 1128 posse
475 1070 531 1109 rem
544 1053 679 1128 expediri,
694 1054 855 1126 permutatis
867 1051 957 1124 rebus,
974 1069 1043 1128 quae

73 1137 194 1193 videatur
215 1153 259 1193 res
281 1139 387 1194 venisse
407 1147 435 1194 et
460 1153 529 1212 qnae
554 1139 634 1212 pretii
659 1139 769 1193 nomine
794 1136 855 1192 data
880 1153 955 1194 esse:
981 1153 1042 1192 mam

73 1231 215 1296 utramque
230 1221 315 1278 videri
329 1230 357 1278 et
371 1224 478 1278 venisse
494 1229 521 1278 et
535 1223 616 1296 pretii
632 1223 740 1278 nomine
755 1221 843 1277 datam
859 1238 934 1292 esse,
960 1223 1043 1278 ratio·

74 1323 138 1362 nem
151 1323 205 1364 uon
224 1309 289 1380 pati.
327 1306 374 1363 sed
390 1306 498 1363 Proculi
513 1308 647 1363 sententia
662 1307 793 1376 dicentis,
815 1308 1042 1379 permutationem

74 1392 208 1464 propriam
224 1407 284 1447 esse
299 1392 415 1465 speciem
430 1399 585 1448 contractus
602 1409 616 1446 a
631 1391 786 1448 venditione
801 1399 966 1464 separatam,
987 1408 1043 1446 me-

72 1477 127 1530 rito
142 1476 304 1548 praevaluit,
325 1492 386 1532 cum
406 1485 433 1532 et
447 1469 525 1548 ipse²
540 1475 598 1532 aliis
614 1475 763 1532 Homericis
779 1467 921 1541 vosiensi
936 1475 1043 1530 adiuva·

72 1569 118 1615 tur
132 1569 159 1615 et
171 1560 343 1616 validioribus
359 1559 508 1617 rationibus
520 1569 733 1636 argumentatur.
761 1559 834 1633 quod
850 1569 877 1615 et
892 1561 1042 1616 anteriores

71 1645 124 1700 divi
139 1645 275 1719 principes
291 1645 457 1702 admiserunt
472 1653 500 1701 et
513 1646 541 1702 in
556 1646 658 1702 nostris
674 1644 787 1720 digestis
808 1644 888 1700 latius
909 1642 1043 1719 significa-

71 1739 125 1784 tur.
171 1727 237 1784 Cum
258 1737 348 1786 autem
367 1731 468 1804 emptio
484 1738 512 1786 ct
526 1730 645 1787 venditio
661 1737 800 1786 contracta
815 1731 851 1786 sit
872 1727 956 1804 (quod
972 1728 1043 1785 ellici
1061 1740 1076 1788 3

70 1813 202 1886 diximus,
225 1813 387 1888 simulatque
407 1815 441 1870 de
462 1817 550 1888 pretio
566 1815 738 1885 convenerit,
759 1831 820 1870 cum
835 1816 894 1870 sine
909 1816 1043 1888 scriptura

71 1915 115 1954 res
132 1895 249 1972 agitur),
273 1898 423 1972 periculum
444 1901 483 1955 rei
498 1900 620 1957 venditae
635 1900 726 1956 statim
742 1898 774 1956 ad
791 1907 940 1973 emptorem
961 1900 1044 1972 perti·

70 1992 132 2054 net,
158 1985 264 2039 tarnetsi
285 1983 374 2040 adbuc
393 2001 424 2040 ea
444 2001 488 2039 res
508 1986 623 2058 emptori
644 1984 740 2039 tradita
762 1985 877 2039 nonsit.
914 1985 1005 2056 itaque
1020 1984 1044 2038 si

71 2069 153 2124 bomo
175 2075 300 2123 mortuus
321 2071 356 2124 sit
377 2067 418 2124 vel
440 2068 528 2142 aliqua
542 2077 619 2141 parte
635 2069 756 2140 corporis
772 2068 862 2122 laesus
878 2067 976 2137 luerit,
998 2074 1044 2121 aut

69 2152 151 2208 aedes
171 2161 246 2208 totae
267 2160 314 2208 aut
333 2153 421 2226 alique
442 2169 475 2208 ex
494 2160 571 2226 parte
590 2151 715 2208 incendio
736 2157 911 2224 consumptae
931 2150 1044 2220 luerint,

69 2245 115 2292 aut
137 2236 239 2292 fundus
261 2239 286 2292 vi
308 2236 425 2293 [luminis
446 2244 522 2293 totus
544 2237 586 2293 vel
612 2237 701 2310 aliqua
722 2252 754 2292 es
775 2242 850 2309 parte
871 2234 976 2290 ablatus
997 2236 1043 2305 sit,

69 2323 126 2378 sive
151 2323 232 2378 etiam
257 2321 433 2378 inundatione
456 2337 539 2396 aquee
565 2329 611 2377 aut
637 2319 778 2378 arboribus
803 2319 910 2376 turbine
932 2317 1044 2376 deiectis

69 2405 153 2481 longe
169 2408 259 2462 minor
274 2415 320 2462 aut
334 2406 455 2464 deterior
469 2423 529 2463 esse
543 2408 677 2480 coeperit:
699 2406 829 2479 emptoris
850 2404 976 2460 damnum
992 2413 1044 2476 cst,

69 2492 112 2548 cui
129 2507 243 2547 necesse
259 2499 322 2563 est,
337 2490 401 2548 licet
420 2507 477 2547 rem
493 2508 548 2548 non
564 2491 646 2547 luerit
661 2499 772 2561 nactus,
793 2491 910 2563 pretium
926 2488 1042 2546 solvere.

68 2575 204 2649 quidquid
220 2576 292 2632 enim
307 2577 366 2632 siue
381 2575 445 2632 dolo
462 2584 490 2632 et
505 2576 584 2650 culpa
599 2575 746 2632 venditoris
762 2575 872 2646 accidit,
887 2575 915 2630 in
931 2591 964 2629 eo
980 2591 1044 2630 ven·

68 2660 143 2716 ditor
157 2677 272 2718 securus
288 2667 339 2716 est.
375 2661 424 2716 sed
440 2661 504 2716 etsi
520 2668 583 2734 post
598 2664 763 2734 emptionem
778 2658 863 2714 londo
879 2657 980 2730 aliquid
994 2675 1044 2732 per

67 2744 234 2802 alluvionem
255 2745 384 2816 accessit,
406 2745 439 2800 ad
454 2746 582 2818 emptoris
599 2743 769 2800 commodum
784 2743 918 2816 pertinet:
940 2749 1043 2797 namet
1103 2782 1105 2787 -

66 2829 245 2885 commodum
261 2831 318 2884 eius
331 2845 391 2884 esse
406 2829 497 2902 debet,
513 2831 588 2885 cuius
603 2828 752 2902 perieulum
765 2835 816 2884 est.
848 2825 950 2894 Quodsi
966 2825 1085 2900 luge-31

66 2915 104 2968 rit
123 2914 224 2984 homo,
246 2915 293 2986 qui
309 2914 406 2985 veniit,
427 2922 473 2968 aut
488 2912 632 2988 subreptus
648 2913 746 2984 luerit,
764 2915 801 2969 ita
818 2917 847 2968 nt
862 2927 950 2985 neque
965 2911 1044 2968 dolus

66 3013 160 3072 neque
182 2998 261 3072 eulpa
276 2997 425 3054 venditoris
441 2999 617 3068 interveniat,
640 2995 905 3054 animadvertendum
926 2999 995 3072 erit,
1011 3016 1044 3054 ao

65 3081 221 3138 custodiam
238 3084 296 3138 eius
312 3081 447 3156 usquead
463 3081 632 3138 traditionem
649 3081 773 3138 venditor
787 3085 946 3156 susceperit.
981 3100 1046 3140 saue

66 3168 159 3239 enim,
182 3167 205 3222 si
226 3168 393 3242 susceperit,
414 3165 444 3222 ad
466 3167 551 3238 ipsius
566 3165 715 3239 periculum
731 3167 754 3222 is
770 3184 847 3224 casus
868 3170 1000 3242 pertinet:
1021 3168 1045 3221 si

139 3381 160 3445 ¹)
179 3383 214 3433 Il.
233 3385 257 3443 7,
275 3384 326 3432 472
343 3397 400 3448 eeq.
485 3380 508 3445 ²)
530 3381 641 3445 Tiecpb.
666 3389 691 3432 et
714 3384 814 3448 puidam
836 3383 911 3432 codd.
930 3383 992 3446 ipse
1010 3397 1046 3432 ex

65 3451 128 3500 aliie
147 3453 224 3501 codd.
249 3452 309 3506 edd.
332 3449 406 3500 Scir.
425 3456 451 3498 et
468 3449 517 3500 Kr.
588 3447 607 3512 ³)
626 3449 660 3499 Il.
679 3451 703 3509 6,
722 3451 837 3514 2353eq.
862 3451 898 3512 cf.
917 3451 950 3499 L.
971 3452 994 3502 1.
1011 3450 1043 3498 D.

66 3517 100 3566 de
120 3524 206 3568 contr.
225 3525 301 3584 empt.
322 3516 372 3580 (18,
393 3511 427 3582 1).
