2464 3916
195 195 256 260 172
513 211 549 246 us
567 209 738 246 ucrroarnns
757 194 804 256 1v‚
822 196 848 244 6.

193 354 304 412 scendo.
335 351 481 426 exquibus
502 351 560 408 lere
583 367 635 409 nna
649 352 695 406 illa
710 351 857 426 legitimam
878 367 983 406 causam
997 349 1101 422 babet,
1118 369 1171 425 per

194 455 273 512 mam
290 438 439 509 quaeritur,
455 454 489 492 au
504 437 601 510 aliquis
616 435 685 492 liber
699 438 749 492 sit:
764 444 870 500 ceterae
885 436 1018 508 exipsius
1033 437 1170 508 praetoris

192 521 379 580 iurisdictione
394 521 571 576 substantiam
586 522 705 594 capiunt.

144 615 176 664 14
261 597 322 662 ¹Sic
342 608 434 679 itaque
458 605 582 661 discretis
605 604 774 676 actionibus,
800 611 904 660 certum
926 611 984 675 est,
1008 620 1065 658 uon
1086 619 1171 677 posse

194 698 314 746 actorem
330 705 387 746 rem
402 707 479 746 snam
493 691 529 744 ita
549 689 688 762 abaliquo
709 697 803 762 petere
824 703 854 745 ει
876 705 977 759 queen
997 705 1063 745 sou
1083 705 1171 744 nunu

195 791 376 832 opertanea:
391 791 442 830 neo
456 776 528 830 enim
543 773 617 848 qnod
632 776 730 830 actoris
746 781 799 844 est,
814 773 842 828 id
857 773 953 828 cidari
969 780 1089 848 oportet,
1107 775 1170 845 quia

194 861 298 916 scilicet
312 860 368 916 dari
380 860 505 932 cuiquam
520 858 548 914 id
562 858 744 933 intellegitur,
756 857 830 931 quod
845 859 882 912 ita
892 857 981 928 datur,
997 865 1028 912 ut
1039 858 1097 912 eins
1111 855 1170 927 liat,

195 961 321 1015 nectes,
344 960 413 1018 quae
427 945 478 1000 iam
493 945 593 1000 actoris
609 951 669 1014 est,
689 944 775 1016 magis
796 943 854 997 eins
875 940 934 997 lieri
953 949 1056 1015 potest.
1087 941 1171 1014 plane

195 1029 258 1086 odio
275 1029 380 1098 lurum,
396 1045 452 1100 qno
467 1029 554 1102 magis
568 1026 691 1101 pluribus
702 1025 853 1084 actionibus
867 1034 1027 1096 teneantur,
1043 1025 1171 1082 effectum

195 1121 247 1182 est,
263 1122 294 1168 ut
306 1122 381 1168 extra
393 1128 506 1186 poenam
519 1111 594 1185 dupli
606 1119 653 1166 aut
663 1111 806 1185 quadrupli
821 1113 861 1167 rei
876 1110 1044 1184 recipiendae
1059 1111 1172 1165 nomine

196 1197 270 1253 iures
284 1199 364 1252 etiam
380 1198 430 1254 hae
445 1198 552 1252 actione
572 1203 717 1252 teneantur
738 1211 767 1252 st
782 1213 884 1252 ranna*
898 1206 958 1252 eos
973 1211 1058 1252 nunc
1074 1210 1172 1251 oron-

196 1299 297 1351 reem,
318 1283 438 1354 quamvis
458 1281 504 1342 sit.
514 1281 643 1336 adversus
658 1297 706 1336 eos
721 1282 801 1336 etiam
816 1281 882 1336 haec
901 1281 1001 1334 iurem
1017 1281 1106 1350 actio,
1123 1296 1173 1352 per

146 1378 177 1424 15
196 1383 276 1438 quam
297 1382 354 1422 rem
374 1383 450 1422 suam
471 1366 531 1437 quis
552 1382 613 1422 esse
633 1367 711 1438 petit.
748 1365 922 1438 Appellamus
946 1372 1036 1419 antem
1062 1365 1091 1418 in
1114 1379 1171 1418 rem

197 1450 305 1523 quidem
322 1452 440 1506 actiones
456 1449 663 1506 vindicationes:
679 1451 705 1504 in
722 1465 867 1522 personam
881 1465 947 1504 vero
962 1449 1093 1518 actiones,
1113 1449 1172 1520 qui·

196 1533 247 1590 bus
267 1535 331 1590 dare
351 1534 440 1590 lacere
461 1543 591 1607 oportere
609 1533 776 1602 intenditur,
797 1532 990 1588 condictiones.
1027 1531 1173 1587 condicere

197 1621 267 1675 enim
284 1627 326 1674 est
341 1619 501 1675 denuntiare
523 1620 609 1691 prisca
625 1619 732 1692 lingna:
753 1634 826 1672 nnnc
843 1633 908 1672 vero
928 1615 1036 1672 abusive
1056 1615 1171 1674 dicimus

196 1701 394 1758 condictionem
410 1705 543 1758 actionem
558 1704 585 1756 in
600 1695 773 1775 personam,²
793 1719 845 1774 qna
866 1708 942 1756 actor
956 1700 1088 1770 intendit,
1115 1699 1171 1754 dari

196 1785 247 1840 sibi
263 1793 406 1858 oportere:
418 1786 491 1840 nulla
503 1786 573 1840 euim
587 1787 639 1842 hoc
649 1793 772 1860 tempore
783 1803 816 1842 eo
828 1787 937 1842 nomine
948 1785 1118 1840 denuntiatio
1131 1782 1169 1838 fit.

147 1881 178 1928 16
260 1869 382 1941 Sequens
397 1869 443 1924 illa
458 1869 553 1924 divisio
568 1877 626 1940 est,
648 1869 866 1944 quodquaedam
881 1871 1002 1925 actiones
1022 1869 1063 1923 rei
1077 1885 1171 1942 perse·

197 1952 319 2026 qnendae
329 1955 414 2027 gratia
429 1960 598 2026 comparatae
612 1962 686 2025 sunt,
702 1955 831 2028 quaedam
841 1971 944 2028 poenae
955 1951 1170 2026 persequendae,

147 2051 179 2098 17
198 2038 328 2111 quaedam
341 2039 438 2094 mixtae
454 2045 527 2093 sunt.
554 2037 601 2092 Rei
613 2039 816 2112 persequendae
831 2055 910 2094 cansa
922 2045 1092 2111 comparatae
1107 2045 1171 2090 sunt

198 2139 292 2180 omnes
308 2125 335 2178 in
351 2140 407 2178 rem
423 2124 552 2180 actiones.
584 2139 674 2177 earnm
691 2140 754 2178 vero
770 2124 922 2194 actionum,
944 2138 1012 2195 quae
1032 2123 1060 2176 in
1075 2137 1171 2194 perso-

197 2225 257 2262 nam
273 2215 348 2280 sunt,
364 2208 416 2263 hae
431 2207 556 2281 quidem,
573 2223 641 2279 qnae
657 2223 689 2261 ex
705 2214 846 2263 contractu
862 2205 1024 2276 nascuntur,
1040 2206 1098 2260 lere
1114 2222 1171 2260 om·

197 2309 245 2348 nes
261 2293 300 2348 rei
315 2291 520 2365 persequendae
536 2307 615 2346 causa
631 2299 799 2364 comparatae
814 2291 955 2346 videntur:
971 2290 1055 2346 veluti
1070 2289 1169 2362 quibus

196 2383 317 2430 mutuam
334 2378 472 2448 pecuniam
488 2375 531 2430 vel
546 2377 574 2430 in
590 2375 749 2448 stipulatum
759 2375 901 2432 deductam
917 2376 986 2449 petit
1002 2383 1088 2445 actor,
1103 2375 1169 2430 item

197 2459 376 2528 commodati,
398 2459 531 2532 depositi,
554 2460 687 2531 mandati,
702 2477 752 2532 pro
768 2462 860 2531 socio,
876 2477 908 2515 er
924 2467 1032 2532 empto,
1048 2457 1170 2528 vendito,

196 2542 302 2614 locato,
324 2543 469 2598 conducto.
506 2543 585 2616 plane
607 2545 631 2598 si
651 2545 767 2618 depositi
790 2552 887 2618 agetur
902 2561 935 2600 eo
950 2545 1073 2614 nomine,
1095 2541 1170 2615 qnod

196 2627 347 2699 tumultus,
363 2628 494 2700 incendii,
510 2629 618 2698 ruinae,
640 2629 773 2702 naufragii
793 2645 873 2684 causa
894 2629 1047 2702 depositum
1068 2629 1119 2697 sit,
1138 2627 1171 2682 in

196 2711 309 2785 duplum
325 2715 458 2768 actionem
470 2720 580 2785 praetor
594 2711 694 2784 reddit,
710 2715 734 2768 si
745 2712 827 2769 modo
838 2731 900 2771 cnm
916 2714 986 2786 ipso,
1002 2711 1073 2785 apud
1088 2727 1169 2785 quem

151 2807 154 2814 '
196 2796 351 2870 depositum
366 2799 418 2868 sit,
434 2805 479 2851 ant
494 2811 554 2852 cunr
571 2796 671 2852 herede
686 2799 744 2852 eius
760 2814 792 2852 cx
808 2797 872 2854 dolo
887 2798 972 2871 ipsius
987 2797 1090 2870 agitur:
1113 2811 1169 2868 quo

146 2895 178 2944 18
197 2897 260 2935 casu
275 2882 356 2936 nrixta
372 2890 413 2936 est
428 2881 508 2935 actio.
539 2877 577 2934 Er
593 2879 730 2936 maleficiis
745 2898 809 2938 vero
830 2881 953 2954 proditae
968 2883 1087 2936 actiones
1102 2879 1169 2936 oliae

196 2971 301 3019 tanturn
317 2981 419 3038 poenae
434 2964 637 3036 persequendae
653 2983 732 3020 cansa
747 2973 916 3039 comparatae
932 2973 1011 3036 sunt,
1033 2965 1097 3020 aliae
1112 2973 1166 3019 tarn

195 3063 299 3121 poenae
315 3064 393 3120 quern
410 3049 449 3102 rei
464 3049 668 3121 persequendae
689 3057 717 3104 et
738 3049 773 3106 ob
788 3051 815 3106 id
830 3051 928 3106 mixtae
944 3057 1017 3106 sunt.
1053 3065 1166 3123 poenam

195 3139 302 3188 tantum
317 3133 492 3215 persequitur
505 3134 565 3205 quis
580 3134 686 3190 actione
700 3133 781 3204 lurti3
797 3137 854 3191 sive
869 3136 940 3190 enim
954 3134 1091 3190 manifesti
1105 3149 1166 3207 aqa-

195 3315 399 3322 --—-—-—

266 3426 285 3490 1)
304 3429 346 3488 ἐξ.
368 3430 407 3478 14.
427 3428 459 3477 15
474 3427 533 3489 sere
551 3449 585 3468 =
605 3430 660 3479 Gai.
680 3433 703 3492 4,
723 3433 747 3480 4.
767 3435 791 3483 5.
813 3434 852 3482 18.
933 3431 955 3495 ²)
976 3433 1031 3483 (ici.
1054 3431 1163 3498 Theopl.

200 3507 261 3542 esse
280 3497 379 3544 addunt
395 3495 469 3544 codd.
489 3497 547 3547 edd.
