2486 3916
319 200 355 234 nu
374 198 570 238 sucronrrtrn
590 199 724 238 rnronuu
742 189 766 250 1,
785 190 826 242 21.
1013 188 1054 250 27

82 341 175 396 iectus
197 339 272 396 urbis
294 340 338 397 vel
362 349 472 415 praetor
497 343 646 398 secundum
672 359 747 399 suam
773 345 1002 418 iurisdictionem,
1027 347 1056 400 in

82 425 233 500 provinciis
254 433 343 480 autern
369 425 507 499 praesides
533 443 566 482 ex
591 428 767 500 inquisitione
792 437 899 486 tutores
922 439 1055 500 crearent,

83 510 130 565 vel
150 503 325 584 magistratus
346 511 422 566 iussu
441 510 610 584 praesidum,
632 511 655 566 si
677 529 733 568 non
753 514 807 570 sint
828 531 940 588 magnae
961 513 1057 588 pupilli

84 593 238 650 facultates.
269 594 324 650 Nos
339 602 429 650 autem
451 611 500 668 per
514 597 738 653 constitutionem
753 591 893 654 nostram¹
914 607 942 655 et
963 599 1090 662 buius-5

85 676 162 735 modi
182 676 355 734 difficultates
376 679 515 736 hominurn
530 687 683 736 resecantes
699 697 750 737 nec
761 690 915 755 exspectata
935 683 1056 738 iussione

85 761 257 836 praesidum,
278 762 477 836 disposuimus,
504 765 527 820 si
553 763 665 820 facultas
685 765 781 840 pupilli
802 765 843 822 vel
864 766 949 822 adulti
969 783 1056 840 usque

85 845 120 901 ad
141 847 308 920 quingentos
329 847 432 904 solidos
453 847 553 919 valeat,
576 848 733 905 defensores
754 851 890 906 civitatum
912 849 1056 922 (unacum

85 929 209 986 ciusdem
224 931 340 986 civitatis
354 931 560 1006 religiosissimo
576 935 696 990 antistite
712 933 753 989 vel
769 933 839 1008 apud
854 934 917 990 alias
935 933 1055 1009 publicas

84 1011 228 1089 personas)
244 1007 305 1070 vel²
320 1017 505 1090 magistratus,
520 1017 563 1072 vel
578 1017 720 1074 iuridicum
732 1018 927 1074 Alexandrinae
942 1019 1056 1074 civitatis

85 1105 195 1154 tutores
216 1098 259 1154 vel
273 1106 413 1156 curatores
429 1116 521 1156 creare
528 1101 677 1176 ,legitima
698 1103 802 1158 cautela
822 1103 970 1160 secundum
987 1104 1057 1158 eius·

85 1182 148 1238 dem
170 1185 375 1240 constitutionis
396 1201 517 1240 normam
536 1185 712 1259 praestanda,
732 1187 857 1244 videlieet
871 1205 965 1244 eorum
986 1189 1056 1262 peri·

85 1267 168 1338 culo,
185 1269 231 1342 qui
247 1285 304 1324 eam
320 1269 459 1342 accipiant.

154 1344 327 1426 3lmpuberes
348 1360 438 1408 autem
458 1355 485 1408 in
506 1353 590 1408 tutela
607 1371 667 1410 esse
682 1355 796 1411 naturali
817 1358 876 1412 iure
892 1357 1055 1412 conveniens
1074 1355 1090 1402 6

87 1443 151 1506 est,
171 1443 202 1492 ut
216 1437 253 1508 is,
276 1438 322 1510 qui
337 1437 473 1512 perlectae
488 1439 582 1492 aetatis
598 1455 653 1494 non
669 1440 719 1509 sit,
742 1439 852 1495 alterius
873 1439 957 1495 tutela
978 1456 1056 1513 rega·

85 1529 144 1575 tur.
182 1518 246 1575 Cum
272 1522 358 1594 igitur
381 1521 548 1594 pupillorum
572 1522 791 1596 pupillarumque
816 1531 921 1579 tutores
946 1523 1089 1595 negotiat

85 1612 205 1678 gerunt,
221 1612 285 1677 post
299 1603 470 1679 pubertatem
485 1605 586 1661 tutelae
601 1607 701 1663 iudicio
716 1608 848 1662 rationem
864 1607 990 1664 reddunt.

504 1817 561 1858 σιτ.
574 1819 638 1858 xxr.

301 1903 351 1952 DE
369 1902 632 1955 Aucroutrnuu
652 1904 843 1956 TUTORUM.

151 2025 306 2080 Auctoritas
326 2033 416 2082 autem
435 2027 535 2082 tutoris
554 2027 581 2082 in
608 2025 767 2099 quibusdam
794 2029 880 2084 causis
906 2029 1056 2087 necessaria
1073 2033 1108 2072 Pr·

87 2109 200 2184 pupilbs
217 2117 274 2181 est,
296 2111 323 2165 in
338 2109 497 2182 quibusdam
512 2126 567 2165 non
583 2117 625 2165 est
640 2112 799 2165 necessaria.
830 2117 861 2165 ut
876 2127 938 2166 ecce
953 2113 977 2165 si
993 2111 1057 2182 quid

86 2195 144 2250 dari
164 2192 216 2249 sibi
237 2188 433 2268 stipulentur,⁴
461 2210 517 2250 uon
539 2201 581 2248 est
601 2195 751 2249 necessaria
777 2196 876 2250 tutoris
896 2194 1056 2250 auctoritas:

86 2277 199 2351 quodsi
211 2277 269 2334 aliis
285 2277 380 2352 pupilli
395 2280 566 2351 promittant,
582 2279 733 2332 necessaria
743 2286 799 2334 est:
815 2295 931 2352 namque
946 2277 1056 2351 placuit,

85 2361 229 2417 meliorem
245 2361 352 2436 quidem
364 2379 439 2418 suam
451 2361 637 2418 condicionem
652 2361 733 2417 licere
746 2363 785 2418 eis
800 2363 888 2420 lacere
903 2363 983 2419 etiam
998 2363 1057 2418 sine

84 2447 188 2502 tutoris
211 2447 386 2518 auctoritate,
412 2447 576 2502 deteriorem
596 2462 661 2502 vero
687 2461 742 2502 non
768 2447 846 2504 aliter
867 2464 946 2520 quam
967 2454 1058 2503 tutore

86 2539 210 2586 auctore.
248 2529 319 2586 uude
339 2532 366 2585 in
389 2531 430 2586 bis
451 2531 556 2601 causis,
578 2526 618 2586 ex'
633 2530 731 2604 quibus
751 2539 860 2588 mutuae
880 2530 1058 2605 obligationes

85 2622 254 2684 nascuntur,
283 2615 311 2669 in
336 2614 516 2688 emptionibus
543 2614 759 2687 venditionibus,
788 2614 967 2672 locationibus
993 2631 1057 2670 con-

87 2697 275 2769 ductionibus,
287 2698 428 2770 mandatis,
439 2699 581 2773 depositis,
605 2700 628 2754 si
640 2701 738 2755 tutoris
751 2700 897 2756 auotoritas
909 2715 964 2754 non
976 2700 1058 2753 inter·

158 2929 231 2992 ¹)L
246 2933 287 2982 30.
308 2930 336 2982 0
354 2932 386 2980 de
413 2932 491 2994 episc.
511 2928 546 2992 (1,
563 2923 600 2992 4).
685 2929 706 2992 ²)
724 2933 762 2980 sie
782 2936 852 2980 recte
870 2931 910 2982 ed.
930 2928 1014 2987 Scir„
1032 2937 1060 2978 ut

88 2999 251 3062 respondeat
267 2999 331 3048 tace
349 3000 468 3062 epitome
474 2999 526 3061 ipsi
542 3003 623 3049 const.
642 3001 675 3048 30
698 3000 740 3047 cit.
764 3005 790 3048 et
807 3005 835 3047 ut
851 2999 965 3048 uarietas
983 2999 1057 3049 codd

89 3064 426 3209 Ξέιῗίζὲἶῇιῖωρᾶἷῖἴῖὲ
441 3065 650 3214 <bituiti
666 3065 817 3210 bittit
829 3065 880 3183 ‚tl
893 3066 1061 3212 {tilii

88 3189 466 3264 μσσιεσόντωνπροσόπων,
486 3197 615 3251 τουτέστι
632 3197 811 3266 στρατηγῶν,
830 3218 848 3265 η
833 3189 920 3252 ἔν’
915 3197 995 3262 Αλεξ.
1009 3196 1060 3249 τοῦ

91 3262 256 3331 ἰουριδίκοσ
271 3267 391 3332 Theoph,
410 3271 476 3318 unde
489 3275 610 3333 apparet,
629 3285 682 3318 eum
696 3269 807 3332 perinde
820 3284 851 3318 ac
862 3268 972 3318 Latinos
983 3267 1061 3316 labra

88 3335 145 3384 rior
162 3333 353 3401 reintegret
370 3335 452 3385 iurid.
469 3351 519 3400 pro
542 3337 715 3415 explicatione
726 3335 882 3398 publicarum
892 3349 1061 3432 personarum

89 3401 208 3452 babuisse
226 3404 334 3468 ideoque
351 3403 426 3467 ptius
442 3403 488 3454 vel
503 3419 555 3467 per
572 3398 701 3454 τουτέστι
712 3405 864 3454 reddidisse.
912 3399 984 3462 ³=l
1003 3400 1059 3450 Gor.

91 3472 116 3533 1,
136 3471 258 3524 189mut.
311 3466 333 3536 ⁴)
351 3471 499 3536 stipuletur
516 3472 575 3521 edd.
595 3469 669 3520 Sodr-
689 3478 715 3520 et
732 3471 783 3522 Kr.
802 3485 837 3520 ecc
854 3468 967 3533 plurimis
985 3467 1061 3518 codd.
