2464 3916
230 254 266 288 ou
287 253 493 290 snrruunnroun
514 253 661 290 servorun
680 241 731 304 111,
753 243 783 291 17
803 238 865 306 (18).
984 241 1042 306 131

445 423 503 464 utu.
517 423 574 464 xv1
587 424 680 472 (XVH).

104 527 150 575 Dll
169 525 317 578 DUOBUS
336 526 420 578 REIS
440 527 663 578 STIPULANDI
682 527 728 578 ET
747 527 1014 581 PROMITTENDI.

135 647 168 704 Et
182 648 329 723 stipulaudi
344 657 371 706 et
385 649 563 724 promittendi
578 649 633 705 duo
648 650 774 723 pluresve
788 652 828 706 rei
843 650 901 708 lieri
915 661 1040 726 possunt.
1060 668 1094 707 rr.

78 733 218 808 stipulandi
238 736 292 806 ita,
312 737 335 790 si
356 744 420 809 post
441 736 561 790 omnium
575 736 818 810 interrogationem
838 737 988 809 promissor
1002 755 1044 795 re·

77 818 204 892 spondeat
219 835 371 878 sporrone.
408 825 439 874 ut
453 829 519 892 puta
534 835 593 875 oum
610 817 717 876 duobus
732 821 876 894 separatim
891 822 1044 894 stipulanti·

76 903 172 958 busita
188 905 339 977 promissor
353 903 517 978 respondeat
537 921 676 970 unumne
692 919 839 964 vaanenu
852 921 937 963 nunu
954 921 1044 966 seon-

75 1001 147 1045 uuo:
175 1005 236 1044 nam
251 989 273 1043 si
289 989 366 1061 prius
381 988 452 1044 'litio
467 987 660 1062 spoponderit,
676 988 772 1046 deinde
788 989 840 1046 alio
855 991 1044 1066 interrogante

76 1072 218 1145 spondeat,
239 1071 289 1128 alia
310 1079 391 1146 atque
413 1073 463 1128 alia
479 1074 530 1128 erit
546 1071 676 1148 obligatio
699 1090 749 1130 nee
764 1074 913 1131 creduntur
934 1075 988 1132 dno
1004 1077 1043 1132 rei

74 1155 216 1230 stipulandi
231 1173 300 1214 esse.
322 1157 377 1213 dno
389 1157 515 1231 pluresve
526 1159 565 1213 rei
577 1157 752 1232 promittendi
768 1159 805 1214 ita
818 1157 896 1232 finnt,
908 1159 1010 1232 (veluti
1019 1165 1045 1218 si

74 1249 135 1312 post
151 1242 218 1298 Titii
231 1235 512 1316 ιἠὶεννοραιὶοηθιη)1
535 1258 648 1314 naum,
665 1260 804 1309 omuonu
820 1260 943 1302 nonnos
957 1262 1042 1304 nanu

12 1383 13 1392 ,
80 1327 228 1384 saonensi
259 1342 325 1398 sm,
346 1342 474 1384 posnan
489 1343 628 1392 enmono
643 1343 765 1386 nonnos
784 1343 868 1386 unna
885 1331 1042 1388 sporrone?

12 1401 14 1414 ”
77 1404 270 1484 respondeant²
286 1411 388 1486 singuli
402 1413 544 1485 separatim
560 1427 713 1470 srounuo.
748 1410 787 1466 Ex
802 1413 956 1469 huiusmodi
974 1414 1040 1470 obli·
1061 1427 1075 1474 1

76 1494 224 1570 gatinuibus
240 1504 268 1551 et
288 1495 480 1570 stipulantibus
495 1495 611 1552 solidum
626 1496 741 1570 singulis
757 1496 872 1553 debetur
887 1505 915 1554 et
928 1501 1042 1572 promit-

74 1587 157 1635 tentes
179 1579 282 1654 singuli
301 1581 329 1634 in
349 1579 466 1636 solidum
486 1587 625 1652 tenentur,
662 1582 820 1654 inutraque
837 1581 1042 1656 tamenobliga·

74 1664 142 1720 tione
170 1681 223 1720 uua
248 1681 292 1721 res
313 1665 442 1720 vertitur:
471 1673 500 1720 et
518 1665 561 1720 vel
581 1665 650 1720 alter
676 1663 795 1720 debitum
817 1667 973 1741 accipiendo
1000 1667 1042 1724 vel

73 1747 136 1804 alter
156 1749 289 1816 solvendo
305 1751 424 1805 omnium
445 1750 553 1823 perimit
569 1748 761 1824 obligationem
777 1757 805 1806 et
821 1767 914 1810 omnes
935 1750 1038 1809 liberat.

75 1825 254 1890 3Exduobus
270 1836 323 1890 reis
344 1834 520 1908 promittendi
535 1833 602 1890 alins
617 1852 701 1910 pure,
722 1833 788 1890 alins
804 1837 830 1891 in
847 1837 917 1892 diem
932 1836 975 1892 vel
990 1836 1040 1892 sub
1058 1833 1074 1882 2

74 1918 228 1975 condicione
245 1917 359 1996 obligari
373 1926 479 1993 potest:
501 1929 551 1976 uec
568 1919 760 1994 impedimento
777 1923 829 1976 erit
844 1920 901 1976 dies
918 1929 963 1977 aut
977 1939 1040 1978 con-

73 2001 154 2076 dicio,
172 2020 227 2076 quo
243 2005 331 2072 minus
347 2002 378 2058 ab
394 2020 444 2076 eo,
461 2005 507 2078 qui
522 2021 590 2076 pure
606 2003 741 2078 obligatus
757 2013 815 2076 est,
830 2013 949 2078 petatur.

425 2200 482 2240 ΤῙΤ.
491 2200 560 2240 XVII
577 2199 682 2248 (XVIII).

174 2305 177 2313 ’
272 2305 322 2354 DE
341 2302 609 2356 STIPULATIONE
627 2301 836 2354 SERVORUM.

131 2427 230 2484 Servus
247 2443 280 2482 ex
300 2443 416 2501 persona
436 2425 537 2482 domini
551 2425 593 2482 ins
608 2425 755 2499 stipulandi
771 2425 860 2482 habet.
897 2427 944 2482 sed
960 2427 1038 2482 bere-
1055 2437 1090 2478 rr.

72 2511 136 2568 ditas
158 2513 186 2568 in
205 2511 345 2586 plerisque
364 2527 497 2586 personae
518 2510 639 2568 delunoti
662 2511 744 2566 vicem
766 2512 896 2566 sustinet:
923 2511 1039 2584 ideoque

72 2597 142 2668 quod
164 2613 258 2654 servus
278 2596 457 2652 hereditarius
479 2604 540 2652 ante
560 2595 656 2650 aditam
681 2595 858 2651 hereditatem
883 2596 1038 2669 stipulatur,

72 2681 185 2756 adquirit
200 2681 343 2738 hereditati
358 2698 388 2738 ae
402 2697 451 2754 per
466 2681 518 2736 hoo
534 2681 613 2735 etiam
628 2679 722 2736 heredi
742 2687 837 2753 postea
858 2679 930 2735 lacto
946 2679 1039 2752 adqui·

70 2767 147 2822 ritur.
190 2761 271 2822 estve
292 2774 381 2822 antem
402 2765 510 2820 domino
532 2765 587 2820 sive
608 2763 658 2819 sibi
681 2765 736 2820 sive
757 2779 889 2820 conservo
910 2779 961 2818 sno
982 2765 1038 2818 sive
1058 2768 1070 2814 1

71 2851 284 2925 impersonaliter
304 2867 398 2906 servus
414 2849 575 2924 stipuletur,
596 2848 705 2904 domino
721 2849 847 2922 adquirit.
885 2847 956 2904 idem
971 2848 1037 2902 iuris

73 2945 112 2991 est
127 2937 196 2992 etin
211 2935 319 3006 liberis,
336 2936 382 3008 qni
397 2935 425 2990 in
440 2941 576 3007 potestate
591 2934 674 3007 patris
690 2940 772 3006 sunt,
788 2949 821 2988 en
837 2932 934 3006 quibus
950 2933 1038 2990 causis

139 3199 157 3264 1)
176 3202 222 3252 Em
244 3202 354 3265 Tbeoplr.
383 3203 468 3264 quoted
489 3203 639 3250 sententiam
656 3199 783 3262 supplent,
811 3215 875 3264 qnae
893 3199 970 3264 igitar
988 3214 1038 3248 non

72 3272 256 3332 compilatores,
267 3272 315 3318 aed
326 3269 426 3318 librarii
437 3275 462 3318 et
474 3283 527 3318 enm
539 3269 571 3317 iis
582 3269 640 3320 edd.
661 3283 745 3318 mones
758 3274 875 3332 tanquam
892 3269 947 3316 aine
965 3266 1037 3316 exitu

72 3339 133 3386 orale
158 3345 251 3402 coepta
277 3338 421 3386 omiserunt.
508 3333 528 3397 ²)
547 3335 598 3384 BP
622 3342 706 3394 reete,
735 3341 762 3385 et
785 3350 806 3383 r.
828 3334 852 3382 T
867 3334 890 3383 si
913 3349 932 3382 r.
955 3333 1035 3385 nen.

72 3403 143 3454 Scir.
162 3422 197 3456 ex
214 3405 412 3468 interpolatione
438 3409 497 3466 post
515 3405 607 3453 amissa
629 3405 673 3452 itta
690 3403 790 3466 peiora.
864 3399 884 3462 ³)
903 3421 936 3442 =
955 3402 987 3449 L.
1010 3403 1035 3450 7.

72 3470 106 3520 D.
123 3473 151 3522 tle
169 3473 243 3524 duob.
261 3474 314 3522 reia
333 3471 383 3535 (45,
402 3469 428 3532 2)
447 3488 482 3520 ece
499 3471 643 3520 Florentini
660 3473 676 3522 t.
695 3473 710 3520 8
728 3471 808 3520 irretit.
871 3465 893 3532 ⁴)
911 3470 965 3518 init.
977 3469 1036 3531 fere

72 3557 106 3576 =
123 3539 152 3594 L.
172 3543 212 3592 15.
233 3541 266 3590 D.
286 3541 318 3590 de
335 3542 395 3602 stip.
413 3555 479 3588 aero.
500 3537 551 3600 (45,
564 3537 590 3600 3)
609 3553 644 3588 en:
662 3537 732 3588 Flor.
751 3541 769 3586 t.
788 3536 804 3584 8
822 3535 900 3584 instit.

842 3619 884 3676 9*
