2484 3916
200 257 236 292 on
257 230 543 296 rrnmcoumssnnrrs
563 248 792 298 flnnanrrameus
811 248 847 311 11,
867 251 909 304 23¹.
1002 247 1043 312 95

70 399 237 476 Pegasiano,
259 399 333 473 qnod
347 410 444 475 postea
459 405 629 476 supervenit,
651 419 758 460 omnent
776 407 964 462 auctoritatem
979 405 1044 462 Tre-

71 484 190 540 belliano
206 485 444 542 senatusconsulto
459 495 614 560 praestare,
634 496 664 544 ut
686 503 718 544 ex
734 505 766 544 eo
784 487 1043 546 fideicommissariam

70 569 236 624 hereditates
257 571 452 643 restituantur,
473 573 528 628 sive
544 570 639 628 habeat
659 573 737 628 heres
759 589 790 628 en
806 573 946 630 voluntate
961 581 1043 630 testa-

70 655 137 708 toris
155 661 277 725 quartam
292 655 348 710 sive
363 655 424 728 plus
440 657 496 712 sive
512 657 600 712 minus
616 658 672 713 sive
687 658 795 730 penitus
811 657 894 729 nihil,
915 666 946 714 ut
968 667 1043 728 tunc,

71 737 180 811 quando
196 737 240 793 vel
260 738 326 794 nihil
348 739 391 794 vel
412 742 500 796 minus
523 747 618 814 quarta
633 741 704 814 apud
720 758 781 796 eum
796 751 948 814 remaneat,
965 743 1044 798 liceat

70 824 94 878 ei
109 821 154 877 vel
176 829 298 894 quartam
317 823 360 879 vel
381 824 456 898 quod
471 823 563 897 deest,
586 842 618 880 ex
639 833 733 880 nostra
748 827 909 882 auctoritate
924 828 1044 882 retinere

70 907 112 962 vel
139 913 266 980 repetere
287 907 425 979 solutum,
452 911 527 982 quasi
555 926 588 965 en
609 904 777 966 Trebelliano
804 910 1042 966 senatusconsulto

69 1007 119 1064 pro
142 998 201 1045 rata
220 992 348 1065 portione
370 993 519 1050 actionibus
541 1001 596 1049 tarn
615 995 643 1049 in
664 994 792 1050 heredem
818 1011 898 1068 quam
917 996 946 1050 in
967 993 1043 1050 fidei-

70 1076 522 1152 commissariumcompetentibus.
545 1079 568 1133 si
581 1095 645 1134 vero
658 1086 743 1134 totam
755 1079 933 1135 hereditatem
944 1085 1043 1152 sponte
1098 1093 1107 1109 ²

70 1161 239 1230 restitnerit,
256 1177 348 1217 omnes
365 1162 542 1218 hereditariae
557 1165 676 1220 actiones
693 1161 939 1220 fideicommissario
956 1171 983 1220 et
998 1163 1043 1218 ad·

70 1261 166 1300 versus
181 1261 243 1300 eum
259 1253 425 1320 competunt
460 1247 508 1304 sed
524 1247 660 1318 etiamid,
683 1247 757 1322 quod
770 1248 944 1323 praecipuum
958 1247 1043 1321 Pega-

69 1331 143 1384 siani
162 1331 390 1387 senatusconsulti
410 1330 516 1402 luerat,
539 1340 584 1402 ut,
606 1331 713 1406 quando
729 1329 868 1388 recusabat
883 1333 962 1388 heres
978 1333 1043 1387 scri-

70 1421 139 1487 ptus
161 1413 209 1468 sibi
232 1415 320 1470 datam
340 1416 519 1472 hereditatem
540 1416 624 1488 adire,
645 1417 791 1472 necessitas
813 1417 837 1471 ei
857 1417 1044 1490 imponeretur

69 1493 158 1554 totam
174 1497 351 1556 hereditatem
367 1501 468 1557 volenti
483 1499 730 1557 fideicommissario
746 1501 890 1556 restituere
906 1507 934 1556 et
949 1515 1043 1556 omnes

69 1581 103 1638 ad
120 1599 182 1638 eum
199 1589 226 1638 et
240 1591 335 1640 contra
350 1602 412 1641 eum
429 1577 596 1640 transirent1
612 1586 749 1657 actiones,
765 1592 792 1640 et
807 1585 859 1640 hoc
875 1585 1043 1658 transposui·

68 1659 153 1723 mus²
174 1666 207 1723 ad
227 1669 494 1726 senatusconsultum
515 1668 727 1746 Trebellianum,
754 1676 784 1724 ut
808 1686 840 1724 ex
861 1670 914 1726 hoe
933 1669 993 1725 solo
1016 1675 1043 1724 et

68 1753 220 1808 necessitas
235 1753 329 1809 heredi
344 1755 509 1828 imponatur,
525 1755 548 1810 si
564 1755 623 1828 ipso
639 1753 750 1810 nolente
765 1753 839 1810 adire
854 1751 1043 1810 fideicommis-

68 1837 158 1892 sarius
174 1836 309 1894 desiderat
324 1841 432 1894 restitui
447 1837 497 1894 sibi
513 1839 706 1911 hereditatem,
722 1837 798 1894 nullo
814 1855 864 1896 nec
879 1838 976 1901 dunno
992 1854 1044 1894 nec

68 1921 216 1978 commodo
246 1923 317 1996 apud
343 1923 471 1980 heredem
497 1931 630 1979 manente.
682 1915 771 1979 3Nihil
800 1931 889 1978 autem
918 1925 1077 1995 interest,8

68 2015 172 2082 utrum¹
186 2007 282 2080 aliquis
304 2024 336 2062 en
355 2025 414 2064 asse
435 2009 514 2064 heres
529 2009 671 2064 institutus
693 2016 740 2063 ant
760 2015 844 2062 totam
865 2007 1043 2063 hereditatem

68 2099 118 2146 aut
138 2107 191 2166 pro
211 2099 289 2166 parte
303 2093 448 2149 restituere
463 2099 592 2166 rogatur,
613 2109 646 2147 an
662 2099 785 2166 exparte
806 2093 885 2147 heres
900 2092 1042 2146 institutus

68 2185 119 2233 aut
134 2169 239 2232 totam4
259 2184 363 2250 partem
384 2185 430 2233 aut
450 2179 534 2251 partis
554 2184 658 2250 partem
674 2177 819 2231 restituere
834 2181 961 2250 rogatur:
981 2191 1043 2230 narn

68 2270 98 2318 et
115 2263 169 2317 hoc
184 2277 248 2316 casu
264 2261 355 2316 eadem
372 2260 509 2318 observari
523 2255 745 2335 praecepimus,⁵
767 2276 834 2334 quae
851 2261 879 2315 iu
895 2259 979 2315 totius
996 2259 1043 2314 he·

67 2345 196 2402 reditatis
216 2347 391 2404 restitutione
413 2347 538 2402 diximus.
576 2345 605 2401 Si
625 2345 685 2419 quis
707 2361 760 2400 una
781 2343 869 2418 aliqua
883 2361 913 2400 re
928 2343 1043 2400 deducta
1060 2359 1077 2407 o

68 2434 128 2487 sive
144 2438 305 2505 praecepta,
320 2447 389 2504 quae
405 2438 526 2504 quartam
543 2431 675 2501 continet,
691 2430 774 2486 veluti
789 2423 874 2485 tundo
889 2428 932 2484 vel
948 2429 1043 2485 aliare

68 2523 186 2590 rogatus
202 2516 238 2570 sit
253 2516 399 2572 restituere
414 2515 605 2586 hereditatem,
628 2515 708 2570 simili
729 2514 810 2571 modo
826 2531 859 2570 ex
874 2513 1043 2570 Trebelliano

69 2599 313 2658 senatusconsulto
328 2601 467 2656 restitutio
484 2598 545 2671 liat,
570 2599 681 2673 perinde
702 2600 770 2655 acsi
793 2605 888 2674 quarta
907 2607 985 2672 parte
1000 2609 1050 2670 ref·
1138 2643 1139 2646 η

69 2693 149 2742 tenta
163 2692 277 2759 rogatus
293 2692 367 2741 esset
380 2685 511 2758 reliquam
526 2683 703 2740 hereditatem
718 2685 874 2740 restituere.
907 2683 955 2738 sed
975 2682 1044 2737 illud

67 2771 203 2841 interest,
226 2769 300 2842 quod
315 2769 400 2826 altero
417 2786 496 2840 casu,
519 2767 546 2824 id
562 2777 604 2824 est
619 2785 680 2824 cum
695 2767 810 2824 deducta
824 2769 881 2823 sire
901 2775 1045 2842 praecepta

70 2855 163 2929 aliqua
177 2869 208 2910 rc
223 2855 377 2910 restituitur
387 2854 537 2925 hereditas,
553 2856 580 2910 in
592 2853 708 2909 solidum
721 2871 752 2910 ex
762 2869 794 2910 eo
806 2851 1045 2908 senatusconsulto

71 2941 197 2996 actiones
213 2937 417 2995 transferuntur
431 2947 458 2994 et
468 2955 524 3011 res,
540 2955 608 3013 quae
619 2945 741 2994 remanet
752 2937 822 3012 apud
837 2935 976 3009 heredem,
987 2938 1046 2992 sine

71 3023 130 3080 ullo
148 3039 232 3080 onere
248 3023 412 3081 hereditario
427 3022 498 3098 apud
514 3041 573 3080 eum
589 3019 693 3094 manet,
714 3025 789 3096 quasi
805 3037 837 3078 en
852 3022 943 3098 legato
960 3021 984 3078 ei
1000 3021 1046 3077 ad·

144 3273 284 3337 ¹)scripsi.
307 3270 496 3336 μετετίθεντο
521 3273 631 3338 Theoplt
655 3273 774 3324 transire
797 3273 872 3323 codd.
895 3273 954 3321 edd.
1023 3267 1044 3332 Ξ)

74 3343 191 3406 Theona.
237 3342 321 3416 uidam
343 3343 419 3396 codd.
446 3342 524 3404 inser
551 3343 756 3428 transponimus
782 3341 857 3391 codd.
874 3338 969 3404 reliqui
984 3338 1044 3386 edd.

70 3408 149 3462 Seitr.
161 3413 195 3462 et
239 3424 262 3458 r.
313 3407 354 3472 ,,)
368 3407 427 3472 fere
445 3421 480 3451 ἡ
498 3409 554 3472 Gai
573 3407 806 3478 1,159.)·Β
827 3405 944 3526 Theoph.
957 3408 1046 3454 totam

72 3486 139 3528 eam
156 3491 211 3528 cum
231 3477 295 3527 Gaio
317 3479 400 3528 ceteri
420 3479 494 3528 codd.
518 3478 577 3528 edd.
596 3472 671 3532 Scdr.
682 3472 717 3528 et
734 3470 798 3544 Kr.
872 3472 893 3536 ⁶)
912 3465 1046 3526 tatastat
1232 3505 1233 3508 κ

76 3546 191 3612 Theoph.
210 3543 397 3612 praecipimus
415 3546 490 3596 codd.
509 3547 568 3596 edd
