2484 3916
99 209 137 243 on
152 209 248 244 unerr.
260 209 389 260 Parnon„
403 209 532 259 consur„
545 209 712 248 rrnuoruurn
725 199 1009 262 nuruuu1,17.18.i9.
1028 197 1070 263 25

513 431 570 470 rm.
583 431 658 472 xvn.

237 513 287 564 Du
304 513 485 566 LEGITIMA
502 515 755 568 PATRONORUM
773 517 932 570 TUTELA.

162 646 221 708 ¹Ex
242 653 333 710 eadem
356 654 418 730 lege
438 655 579 712 duodecim
602 653 752 712 tabularum
772 656 932 714 libertorum
947 667 975 715 et
990 658 1069 716 liher-

96 747 187 794 tarum
204 737 288 796 tutela
307 738 341 793 ad
360 748 491 812 patronos
512 739 668 814 liberosque
683 757 779 797 eorum
798 743 932 815 pertinet,
953 760 1021 818 quae
1041 752 1069 800 et

94 825 156 896 ipsa
176 822 298 896 legitima
318 823 404 879 tutela
425 832 550 880 vocatur:
572 841 629 880 non
650 825 711 898 quia
731 827 889 891 nominatim
906 843 937 882 ea
957 826 1019 902 lege
1034 827 1068 884 dc

95 907 149 962 hac
162 905 250 962 tutela
264 916 389 979 cavetur,
413 909 461 964 sed
483 910 544 983 quia
558 909 671 983 perinde
687 917 796 984 accepta
811 918 853 966 est
873 926 922 984 per
936 911 1069 985 interpre-

96 991 241 1062 tationem,
257 998 338 1064 atque
353 993 376 1048 si
391 991 478 1048 verbis
494 993 563 1067 legis
579 993 733 1050 introducta
748 1002 829 1050 esset.
861 1011 894 1050 eo
910 996 981 1050 euim
997 996 1068 1070 ipso,

94 1067 194 1148 quod²
215 1075 379 1132 hereditates
400 1075 559 1132 libertorum
579 1076 808 1152 liberaremque,
835 1080 857 1133 si
878 1080 1000 1134 intestati
1021 1079 1067 1135 de-

92 1160 262 1229 cessissent,
277 1159 393 1215 iusserat
408 1160 452 1216 lex
466 1160 499 1216 ad
513 1168 643 1234 patronos
659 1154 792 1218 liberosve
807 1179 901 1218 eorum
920 1164 1067 1237 pertinere,

92 1241 272 1299 crediderunt
286 1250 409 1316 veteres,
424 1245 544 1300 voluisse
558 1245 649 1319 legem
664 1247 743 1302 etiam
760 1246 857 1302 tutelas
873 1246 905 1302 ad
921 1264 968 1303 eos
984 1249 1068 1321 perti-

92 1343 180 1398 nere,
196 1343 257 1382 eum
273 1335 300 1383 et
315 1327 463 1402 adgnatos,
480 1346 549 1402 quos
565 1330 598 1385 ad
613 1330 789 1386 hereditatem
804 1339 898 1401 vocat,
914 1331 1023 1388 eosdem
1040 1341 1068 1388 et

91 1419 205 1467 tutores
226 1427 286 1466 esse
307 1413 387 1468 iussit
410 1419 438 1468 et
464 1415 526 1486 quia
546 1413 722 1487 plerumque,
748 1413 794 1470 ubl
820 1417 999 1470 successionis
1025 1425 1068 1470 est

92 1495 329 1567 emolumentum,
354 1495 391 1552 ibi
419 1505 447 1552 et
471 1497 573 1553 tutelae
594 1515 664 1553 onus
684 1514 744 1554 esse
765 1497 854 1554 dehet.
896 1498 957 1554 ideo
977 1507 1067 1554 auteur

92 1580 215 1636 diximus
236 1579 412 1654 plerumque,
434 1583 512 1654 quia,
534 1583 557 1637 si
571 1599 586 1636 a
601 1581 698 1637 femina
716 1581 839 1658 impubes
855 1583 1066 1654 manumittatur,

90 1667 155 1738 ipsa
170 1663 204 1720 ad
220 1665 396 1722 hereditatem
412 1673 540 1738 vocatur,
555 1683 616 1722 cum
631 1667 698 1722 alius
714 1675 756 1723 est
772 1675 856 1724 tutor.
934 1678 937 1682 ·

501 1879 558 1920 ulr.
571 1879 659 1920 xvm.

259 1963 309 2014 ou
328 1964 512 2016 nuerruun
529 1940 731 2016 Psnunr'uru
750 1965 906 2016 rursus.

161 2079 311 2160 ³Euemplo
332 2095 509 2161 patronorum
528 2095 637 2160 recepta
659 2097 701 2144 est
720 2097 748 2144 et
767 2087 817 2143 alia
834 2087 933 2157 tutela,
955 2103 1023 2160 quae
1039 2095 1067 2142 et

90 2175 152 2246 ipsa
173 2171 296 2246 legitima
310 2179 431 2228 vocatur.
465 2187 525 2227 nam
541 2173 564 2226 si
580 2173 639 2244 quis
655 2169 740 2227 filium
754 2180 801 2227 aut
820 2169 916 2241 filiam,
938 2177 1066 2242 nepotem

89 2265 141 2314 aut
155 2264 268 2330 neptem
283 2272 316 2312 ex
331 2254 386 2312 filio
402 2263 430 2312 et
445 2255 572 2330 deinceps
587 2254 741 2330 impuberes
757 2255 978 2328 emancipaverit,
996 2253 1066 2327 legi-

91 2343 178 2398 timus
194 2356 289 2397 eorum
305 2348 381 2396 tutor
396 2341 457 2396 erit.

356 2553 360 2562 .
514 2519 571 2560 TIT.
586 2519 650 2559 m

352 2606 402 2656 DE
420 2603 638 2656 FIDUCIARIA
655 2603 812 2655 TUTELA.

161 2723 230 2784 ⁴Est
245 2736 273 2784 et
287 2726 337 2782 alia
351 2726 452 2798 tutela,
474 2743 542 2800 quae
558 2724 695 2782 fiduciaria
709 2725 868 2801 appellatur.
906 2740 966 2779 nam
982 2725 1005 2778 si
1021 2741 1066 2797 pa-

90 2831 159 2870 reus
175 2810 262 2868 filium
277 2811 321 2868 vei
336 2809 432 2883 filiam,
453 2819 581 2885 nepotem
602 2809 645 2866 vel
666 2819 774 2884 neptem
790 2818 817 2866 et
833 2809 959 2882 deinceps
980 2809 1067 2881 impu-

90 2899 174 2954 beres
190 2897 389 2966 manumiserit,
412 2895 558 2968 legitimam
573 2896 737 2950 nanciscitur
752 2909 845 2950 eorum
863 2892 990 2949 tutelam:
1011 2909 1066 2966 quo

92 2982 243 3053 defuncto,
266 2983 289 3036 si
311 2980 388 3036 liberi
405 2979 487 3034 virilis
504 2996 584 3036 sexus
600 2987 708 3050 extant,
729 2975 861 3035 fiduciarii
877 2985 982 3034 tutores
998 2976 1067 3032 filio·

91 3083 155 3122 rum
178 3081 291 3122 suorum
313 3065 356 3120 vei
377 3064 469 3119 fratris
490 3063 532 3119 vel
553 3065 656 3120 sororis
677 3070 705 3118 et
725 3071 878 3119 ceterorum
899 3059 1064 3118 efficiuntur.

165 3346 185 3411 ¹)
265 3361 327 3397 esse
345 3346 427 3396 iussit
438 3366 472 3387 =
485 3345 541 3396 Gai.
561 3345 584 3400 1.
604 3345 662 3396 165.
720 3342 740 3406 ²)
758 3344 834 3396 codd.
853 3344 931 3406 inser.
951 3355 1004 3404 quo
1016 3345 1065 3388 vet.

94 3414 115 3476 ³)
135 3415 176 3478 Os.
198 3415 253 3466 Gai.
278 3417 302 3478 1,
324 3415 381 3463 166.
402 3415 459 3464 175.
483 3413 516 3464 L.
536 3415 560 3462 3.
585 3411 609 3472 ἕ.
629 3413 674 3462 ott.
692 3411 726 3464 D.
750 3412 782 3492 de
804 3412 873 3474 tegit.
896 3415 940 3457 tut.
961 3407 1011 3469 (26,
1029 3403 1064 3466 4).

92 3481 114 3544 ⁴)
136 3483 176 3546 Os.
197 3483 254 3534 eae.
274 3485 291 3532 l.
310 3498 334 3535 c.
353 3481 386 3531 L.
405 3485 430 3532 3.
450 3481 475 3541 ξ.
492 3482 518 3532 4.
537 3481 569 3529 L.
587 3481 612 3531 4.
631 3479 664 3530 D.
682 3480 714 3528 de
733 3481 799 3542 tepet.
820 3484 864 3528 tut.
884 3471 936 3539 (26,
954 3471 989 3534 4).
