2464 3916
181 211 241 275 128
286 226 391 270 oureus
410 225 497 261 aromo
517 225 551 261 na
571 223 770 260 ccurnsnrnun
788 223 944 262 onnrnnrro
961 210 1013 273 ΙΙΙ,
1034 212 1065 260 tt
1083 207 1136 277 (5).

181 369 279 426 utenda
295 367 384 439 datur,
400 367 427 423 id
443 366 698 438 adcommodatur,
715 383 744 422 re
761 366 896 442 obligatur
911 375 939 422 et
954 373 1063 424 tenetur
1077 383 1139 444 com·

181 453 280 510 motlati
294 454 410 508 actione.
447 452 494 508 sed
515 453 537 507 is
553 451 585 506 ah
601 467 649 524 ec,
673 453 717 526 qui
734 459 857 507 mutuum
873 453 990 526 accepit,
1011 451 1094 524 longe
1107 451 1140 506 di·

179 545 246 594 stat:
268 553 383 610 namque
399 553 453 593 non
469 538 506 592 ita
522 553 566 592 res
582 535 676 606 datur,
693 545 724 592 ut
739 537 797 592 eius
813 534 875 608 fiat,
891 543 919 592 et
934 535 969 592 oh
983 535 1011 592 id
1027 535 1060 591 de
1075 553 1103 590 ea
1116 553 1140 591 re

179 625 236 696 ipsa
257 621 425 679 restituenda
446 629 565 677 tenetur.
601 629 628 676 et
647 623 670 676 is
691 621 815 695 quidem,
837 622 884 694 qui
898 629 1022 676 mutuum
1037 622 1141 694 accepit,

179 709 202 764 si
218 706 341 781 quolibet
356 705 470 762 fortuito
486 723 565 776 casu,
585 705 659 779 qnod
674 707 792 780 aceepit,
807 706 940 777 amiserit,
963 705 1045 762 veluti
1060 706 1141 762 iucen-
1210 701 1211 758 ἶ

180 792 242 863 dio,
263 792 355 863 ruina,
376 790 519 866 naufragio
534 798 580 846 aut
594 790 729 846 latronum
745 791 897 846 hostiumve
916 791 1042 861 incursu,
1065 790 1141 846 nihilo

179 877 267 932 minus
289 875 424 950 obligatus
445 884 594 949 permanet.
639 882 664 930 at
685 877 724 946 is,
746 877 792 949 qui
807 873 937 954 utendpm
953 876 1070 949 accepit,
1085 891 1142 930 sane

180 960 287 1034 quidem
304 968 422 1016 exactam
444 959 611 1034 diligentiam
627 959 820 1016 custodiendae
836 961 875 1015 rei
889 969 1026 1034 praestare
1041 958 1142 1014 iubetur

179 1062 229 1101 nec
251 1043 353 1102 suflicit
373 1047 413 1116 ei,
436 1051 536 1100 tautam
558 1043 725 1119 diligentiam
745 1043 914 1116 adhibuisse,
941 1051 1067 1118 quantam
1092 1046 1144 1098 suis

179 1129 259 1186 rebus
283 1128 409 1185 adhibere
429 1128 527 1185 solitus
549 1136 606 1200 est,
636 1127 761 1186 simodo
783 1129 851 1184 alius
872 1127 1029 1203 diligentior
1048 1130 1143 1203 poterit

180 1231 238 1270 eam
252 1230 310 1268 rem
326 1213 478 1270 custodire:
500 1212 548 1269 sed
568 1221 683 1287 propter
697 1214 824 1269 maiorem
840 1214 893 1268 virn
909 1215 1056 1270 maioresve
1071 1231 1141 1269 casus

179 1315 234 1354 non
251 1306 374 1369 tenetur,
396 1299 419 1354 si
440 1297 521 1354 modo
543 1313 599 1353 non
619 1299 699 1354 huius
719 1297 799 1371 culpa
820 1299 842 1352 is
858 1314 935 1352 casus
957 1299 1141 1354 intervenerit:

179 1381 298 1456 alioquin
313 1384 336 1438 si
352 1382 394 1454 id,
410 1381 483 1456 qued
500 1381 548 1438 tibi
560 1381 758 1438 commodatum
772 1389 829 1453 est,
844 1398 960 1456 peregre
976 1381 1048 1438 ieme
1060 1391 1141 1438 tecum

180 1467 304 1522 malueris
326 1473 354 1522 et
374 1467 416 1522 vel
442 1469 551 1522 incursu
578 1467 696 1522 hostium
722 1465 922 1540 praedonumve
942 1466 983 1522 vel
1007 1467 1141 1540 naufragio

179 1553 315 1623 amiseris,
337 1550 448 1606 dubium
464 1568 519 1607 non
534 1559 591 1623 est,
614 1553 678 1624 quin
699 1550 733 1606 de
748 1550 915 1606 restituenda
930 1567 961 1606 ea
975 1567 1006 1606 re
1020 1553 1140 1606 tenearis.

179 1635 346 1692 commodata
366 1643 457 1691 autem
472 1652 515 1692 res
532 1644 596 1692 tunc
616 1635 726 1710 proprie
746 1635 930 1710 intellegitur,
952 1637 975 1691 si
990 1635 1064 1691 nulla
1079 1651 1142 1691 mer·

179 1719 244 1776 cede
260 1727 367 1792 accepta
387 1720 429 1774 vel
449 1721 597 1776 constituta
612 1737 656 1775 res
678 1719 726 1775 tibi
747 1719 846 1776 utenda
867 1720 927 1776 data
942 1728 994 1776 est.
1029 1720 1140 1794 alioquin
1212 1781 1213 1798 χ

178 1803 301 1858 mercede
316 1803 513 1858 interveniente
535 1804 638 1860 locatus
654 1803 702 1860 tibi
719 1821 784 1860 usus
799 1806 839 1860 rei
854 1803 972 1860 videtur:
1000 1807 1139 1878 gratuitum

145 1887 161 1935 3
179 1887 250 1942 enim
272 1885 353 1942 debet
373 1903 434 1942 esse
455 1887 663 1946 commodatum.
707 1888 849 1948 Praeterea
871 1896 898 1944 et
912 1890 951 1961 is,
975 1889 1047 1963 apud
1069 1905 1137 1964 quem

178 1987 222 2026 res
238 1971 325 2045 aliqua
341 1971 502 2046 deponitur,
523 1989 553 2029 re
570 1973 706 2048 obligatur
720 1981 748 2030 et
763 1975 870 2030 actione
884 1973 1017 2048 depositi,
1034 1967 1102 2048 qua¹
1116 1981 1139 2028 et

177 2057 235 2130 ipse
251 2055 284 2112 de
299 2073 330 2113 ea
345 2073 385 2129 re,
401 2073 480 2130 quam
497 2060 615 2131 accepit,
631 2058 798 2115 restituenda
815 2067 931 2114 tenetur.
963 2058 1011 2115 sed
1027 2061 1051 2114 is
1066 2075 1098 2115 ex
1112 2074 1140 2113 eo

177 2141 238 2198 solo
254 2149 378 2212 tenetur,
400 2143 422 2198 si
443 2141 507 2216 quid
529 2143 593 2199 dolo
609 2145 790 2214 commiserit,
812 2143 906 2216 culpae
922 2151 1012 2199 autem
1028 2145 1142 2212 nomine,

177 2225 204 2280 id
220 2235 262 2282 est
276 2226 394 2284 desidiae
408 2235 490 2300 atque
505 2227 705 2302 neglegentiae,
721 2245 776 2284 non
792 2236 913 2284 tenetur:
928 2230 1019 2302 itaque
1034 2245 1142 2284 securus
1213 2269 1214 2292 ,

179 2318 236 2382 est,
258 2313 304 2385 qni
324 2329 418 2385 parum
440 2311 586 2386 diligenter
601 2312 762 2368 custoditam
777 2328 834 2368 rena
855 2311 929 2368 iurtn
948 2314 1052 2385 amisit,
1075 2313 1142 2386 quia,

178 2395 225 2466 qui
240 2395 397 2469 neglegenti
417 2397 502 2452 amico
518 2413 573 2452 rem
589 2396 793 2453 custodiendam
809 2390 956 2469 tradidit,²
976 2413 1042 2454 suae
1063 2395 1142 2452 facili·

143 2483 161 2530 4
180 2479 226 2534 tati
242 2478 268 2534 id
285 2480 417 2552 imputare
433 2479 524 2536 debet.
569 2481 693 2537 Creditor
708 2498 833 2555 quoque,
855 2483 901 2554 qui
916 2484 1017 2558 pignus
1033 2482 1142 2554 accepit,

177 2579 207 2618 re
223 2561 374 2638 obligatur,
397 2565 443 2637 qui
463 2573 491 2621 et
512 2567 570 2640 ipse
591 2565 624 2622 de
640 2583 670 2622 ea
685 2567 742 2640 ipsa
758 2583 803 2638 re,
828 2583 906 2639 quarn
928 2568 1047 2641 accepit,
1067 2567 1143 2622 resti·

176 2647 277 2704 tuenda
291 2656 401 2704 tenetur
415 2651 520 2706 actione
535 2651 718 2724 pigneraticia.
748 2651 795 2706 sed
811 2651 872 2724 qnia
888 2653 987 2726 pignus
1003 2653 1143 2724 utrumqne

177 2735 262 2806 gratia
277 2732 372 2806 datur,
389 2741 416 2790 et
432 2733 576 2807 debitoris,
594 2753 648 2809 quo
664 2736 749 2809 magis
765 2736 790 2790 ei
805 2736 918 2808 pecunia
933 2735 1101 2807 crederetur,
1117 2741 1143 2789 et

177 2817 336 2887 creditoris,
354 2835 408 2892 quo
424 2821 508 2894 magis
525 2821 549 2876 ei
564 2821 592 2876 in
607 2828 667 2876 tuto
683 2821 718 2875 sit
733 2819 875 2892 creditum,
891 2820 992 2894 placuit
1008 2820 1141 2888 suiiicere,

177 2901 250 2974 quod
266 2901 298 2956 ad
314 2919 370 2958 eam
386 2920 443 2959 rem
458 2904 661 2962 custodiendam
674 2912 791 2960 exactam
807 2904 973 2979 diligentiam
985 2896 1142 2961 adhibere:³

177 3002 255 3058 quam
271 2987 294 3040 ai
308 2989 475 3060 praestiterit
490 2997 518 3044 et
532 2989 622 3062 aliquo
638 2987 751 3045 fortuito
767 3005 830 3044 casn
846 3005 903 3044 rem
918 2991 1051 3062 amiserit,
1067 3005 1141 3046 secu·

141 3139 146 3148 ,
176 3085 235 3124 rum
252 3086 311 3126 esse
326 3087 376 3128 nec
390 3073 513 3148 impediri
529 3074 661 3130 creditum
676 3080 779 3148 petere.

245 3231 265 3301 ¹)
289 3239 397 3300 scripsi:
423 3253 480 3287 aum
498 3227 536 3302 ἣν
557 3233 611 3300 ἔξω
635 3238 747 3302 Theopd.
776 3240 823 3302 qui
849 3240 964 3304 plerique
985 3241 1061 3290 codd.
1082 3238 1140 3288 edd.

177 3302 242 3364 quia
260 3305 312 3354 alii.
382 3303 403 3365 ²)
425 3304 464 3360 Te,
487 3305 600 3368 Tneopu.
619 3299 790 3369 (παραδούς)
809 3308 849 3356 ed.
863 3307 935 3359 Seltr.
954 3307 1041 3356 tradit
1058 3305 1085 3354 B
1101 3307 1142 3354 ed.

176 3367 227 3416 Kr.
315 3367 335 3431 3)
358 3385 393 3419 en·
420 3370 565 3435 quibusdam
594 3373 668 3421 codd.
697 3371 774 3434 infer.
806 3373 951 3426 adhiberet
977 3376 1059 3426 certem¹
1084 3373 1142 3424 edd.

177 3433 250 3548 felir.
258 3441 295 3550 Τεέ
312 3435 362 3550 K't'
381 3439 429 3486 ced
449 3443 474 3486 et
491 3445 567 3486 antea
583 3453 633 3501 pro
656 3438 783 3489 sufficere
810 3443 892 3490 malim
914 3447 1042 3507 oportere
1060 3432 1144 3505 ὀφεί-

196 3514 235 3556 ἒῑς
296 3518 343 3564 eop
361 3538 368 3552 .
