<?xml version="1.0" encoding="UTF-8"?>
<!DOCTYPE html PUBLIC "-//W3C//DTD XHTML 1.0 Transitional//EN"
    "http://www.w3.org/TR/xhtml1/DTD/xhtml1-transitional.dtd">
<html xmlns="http://www.w3.org/1999/xhtml" xml:lang="en" lang="en">
 <head>
  <title>
</title>
<meta http-equiv="Content-Type" content="text/html;charset=utf-8" />
  <meta name='ocr-system' content='tesseract 3.04.00' />
  <meta name='ocr-capabilities' content='ocr_page ocr_carea ocr_par ocr_line ocrx_word'/>
</head>
<body>
  <div class='ocr_page' id='page_1' title='image "./impivstinianiin00huscgoog_0161.png"; bbox 0 0 2484 3916; ppageno 0'>
   <div class='ocr_carea' id='block_1_1' title="bbox 178 216 1073 284">
    <p class='ocr_par' dir='ltr' id='par_1_1' title="bbox 178 216 1073 284">
     <span class='ocr_line' id='line_1_1' title="bbox 178 216 1073 284; baseline -0.006 -15"><span class='ocrx_word' id='word_1_1' title='bbox 178 217 219 284; x_wconf 83' lang='grc'>32</span> <span class='ocrx_word' id='word_1_2' title='bbox 255 235 290 269; x_wconf 82' lang='lat' dir='ltr'>on</span> <span class='ocrx_word' id='word_1_3' title='bbox 309 231 555 271; x_wconf 79' lang='lat' dir='ltr'>uxcusauxoxxnus</span> <span class='ocrx_word' id='word_1_4' title='bbox 575 229 709 268; x_wconf 75' lang='lat' dir='ltr'>auronum</span> <span class='ocrx_word' id='word_1_5' title='bbox 727 231 782 266; x_wconf 79' lang='lat' dir='ltr'>van</span> <span class='ocrx_word' id='word_1_6' title='bbox 802 229 971 266; x_wconf 76' lang='lat' dir='ltr'>cuauroxnu</span> <span class='ocrx_word' id='word_1_7' title='bbox 989 216 1013 276; x_wconf 90' lang='grc' dir='ltr'>Ι,</span> <span class='ocrx_word' id='word_1_8' title='bbox 1031 216 1073 265; x_wconf 81' lang='lat'>25.</span> 
     </span>
    </p>
   </div>
   <div class='ocr_carea' id='block_1_2' title="bbox 133 370 1152 3318">
    <p class='ocr_par' dir='ltr' id='par_1_2' title="bbox 133 370 1152 3318">
     <span class='ocr_line' id='line_1_2' title="bbox 179 370 1148 446; baseline -0.01 -12"><span class='ocrx_word' id='word_1_9' title='bbox 179 384 253 446; x_wconf 93' lang='lat' dir='ltr'>sunt,</span> <span class='ocrx_word' id='word_1_10' title='bbox 269 374 384 432; x_wconf 90' lang='lat' dir='ltr'>atutela</span> <span class='ocrx_word' id='word_1_11' title='bbox 404 383 430 430; x_wconf 89' lang='lat' dir='ltr'>et</span> <span class='ocrx_word' id='word_1_12' title='bbox 451 389 515 430; x_wconf 90' lang='lat' dir='ltr'>cura</span> <span class='ocrx_word' id='word_1_13' title='bbox 536 380 707 430; x_wconf 79' lang='lat' dir='ltr'>excusantur.</span> <span class='ocrx_word' id='word_1_14' title='bbox 744 371 793 428; x_wconf 91' lang='lat' dir='ltr'>sed</span> <span class='ocrx_word' id='word_1_15' title='bbox 814 372 885 427; x_wconf 90' lang='lat' dir='ltr'>etsi</span> <span class='ocrx_word' id='word_1_16' title='bbox 906 370 1017 426; x_wconf 90' lang='lat' dir='ltr'>luerunt</span> <span class='ocrx_word' id='word_1_17' title='bbox 1039 378 1148 426; x_wconf 90' lang='lat' dir='ltr'>tutores</span> 
     </span>
     <span class='ocr_line' id='line_1_3' title="bbox 179 455 1148 530; baseline -0.006 -16"><span class='ocrx_word' id='word_1_18' title='bbox 179 460 221 515; x_wconf 89' lang='lat' dir='ltr'>vel</span> <span class='ocrx_word' id='word_1_19' title='bbox 236 466 391 530; x_wconf 77' lang='lat' dir='ltr'>curatores,</span> <span class='ocrx_word' id='word_1_20' title='bbox 414 457 510 514; x_wconf 87' lang='lat' dir='ltr'>deinde</span> <span class='ocrx_word' id='word_1_21' title='bbox 531 459 572 513; x_wconf 88' lang='lat' dir='ltr'>rei</span> <span class='ocrx_word' id='word_1_22' title='bbox 592 455 714 530; x_wconf 90' lang='lat' dir='ltr'>publicae</span> <span class='ocrx_word' id='word_1_23' title='bbox 735 471 814 512; x_wconf 90' lang='lat' dir='ltr'>causa</span> <span class='ocrx_word' id='word_1_24' title='bbox 834 455 929 512; x_wconf 85' lang='lat' dir='ltr'>abesse</span> <span class='ocrx_word' id='word_1_25' title='bbox 949 463 1116 528; x_wconf 88' lang='lat' dir='ltr'>coeperunt,</span> <span class='ocrx_word' id='word_1_26' title='bbox 1134 471 1148 508; x_wconf 90' lang='lat' dir='ltr'>a</span> 
     </span>
     <span class='ocr_line' id='line_1_4' title="bbox 179 539 1147 614; baseline -0.006 -14"><span class='ocrx_word' id='word_1_27' title='bbox 179 543 264 600; x_wconf 91' lang='lat' dir='ltr'>tutela</span> <span class='ocrx_word' id='word_1_28' title='bbox 279 552 307 598; x_wconf 88' lang='lat' dir='ltr'>et</span> <span class='ocrx_word' id='word_1_29' title='bbox 321 560 384 599; x_wconf 89' lang='lat' dir='ltr'>cura</span> <span class='ocrx_word' id='word_1_30' title='bbox 400 549 578 613; x_wconf 72' lang='lat' dir='ltr'>excusantur,</span> <span class='ocrx_word' id='word_1_31' title='bbox 600 549 732 614; x_wconf 87' lang='lat' dir='ltr'>quatenus</span> <span class='ocrx_word' id='word_1_32' title='bbox 748 542 787 596; x_wconf 87' lang='lat' dir='ltr'>rei</span> <span class='ocrx_word' id='word_1_33' title='bbox 804 539 926 614; x_wconf 90' lang='lat' dir='ltr'>publicae</span> <span class='ocrx_word' id='word_1_34' title='bbox 941 555 1022 596; x_wconf 85' lang='lat' dir='ltr'>causa</span> <span class='ocrx_word' id='word_1_35' title='bbox 1036 539 1147 608; x_wconf 88' lang='lat' dir='ltr'>absunt,</span> 
     </span>
     <span class='ocr_line' id='line_1_5' title="bbox 180 622 1148 698; baseline -0.006 -14"><span class='ocrx_word' id='word_1_36' title='bbox 180 638 207 684; x_wconf 88' lang='lat' dir='ltr'>et</span> <span class='ocrx_word' id='word_1_37' title='bbox 222 623 325 684; x_wconf 74' lang='lat' dir='ltr'>interea</span> <span class='ocrx_word' id='word_1_38' title='bbox 345 635 454 684; x_wconf 90' lang='lat' dir='ltr'>curator</span> <span class='ocrx_word' id='word_1_39' title='bbox 474 627 536 684; x_wconf 91' lang='lat' dir='ltr'>loco</span> <span class='ocrx_word' id='word_1_40' title='bbox 557 641 652 681; x_wconf 90' lang='lat' dir='ltr'>eorum</span> <span class='ocrx_word' id='word_1_41' title='bbox 673 624 762 680; x_wconf 89' lang='lat' dir='ltr'>datur.</span> <span class='ocrx_word' id='word_1_42' title='bbox 800 625 889 698; x_wconf 88' lang='lat' dir='ltr'>quisi</span> <span class='ocrx_word' id='word_1_43' title='bbox 910 625 1012 680; x_wconf 89' lang='lat' dir='ltr'>reversi</span> <span class='ocrx_word' id='word_1_44' title='bbox 1034 622 1148 693; x_wconf 85' lang='lat' dir='ltr'>luerint,</span> 
     </span>
     <span class='ocr_line' id='line_1_6' title="bbox 179 707 1149 786; baseline -0.006 -18"><span class='ocrx_word' id='word_1_45' title='bbox 179 713 313 786; x_wconf 86' lang='lat' dir='ltr'>recipiunt</span> <span class='ocrx_word' id='word_1_46' title='bbox 329 729 397 768; x_wconf 89' lang='lat' dir='ltr'>onus</span> <span class='ocrx_word' id='word_1_47' title='bbox 412 711 514 768; x_wconf 78' lang='lat' dir='ltr'>tutelae</span> <span class='ocrx_word' id='word_1_48' title='bbox 536 727 586 768; x_wconf 90' lang='lat' dir='ltr'>nec</span> <span class='ocrx_word' id='word_1_49' title='bbox 601 711 664 766; x_wconf 88' lang='lat' dir='ltr'>anui</span> <span class='ocrx_word' id='word_1_50' title='bbox 678 707 778 764; x_wconf 84' lang='lat' dir='ltr'>habent</span> <span class='ocrx_word' id='word_1_51' title='bbox 798 709 979 780; x_wconf 81' lang='lat' dir='ltr'>vacationem,</span> <span class='ocrx_word' id='word_1_52' title='bbox 995 715 1026 763; x_wconf 91' lang='lat' dir='ltr'>ut</span> <span class='ocrx_word' id='word_1_53' title='bbox 1040 707 1149 782; x_wconf 84' lang='lat' dir='ltr'>Papini·</span> 
     </span>
     <span class='ocr_line' id='line_1_7' title="bbox 180 792 1148 870; baseline -0.006 -18"><span class='ocrx_word' id='word_1_54' title='bbox 180 813 246 852; x_wconf 89' lang='lat' dir='ltr'>auus</span> <span class='ocrx_word' id='word_1_55' title='bbox 262 813 455 870; x_wconf 79' lang='lat' dir='ltr'>responsorum</span> <span class='ocrx_word' id='word_1_56' title='bbox 476 793 546 851; x_wconf 90' lang='lat' dir='ltr'>libro</span> <span class='ocrx_word' id='word_1_57' title='bbox 563 795 658 868; x_wconf 86' lang='lat' dir='ltr'>quinto</span> <span class='ocrx_word' id='word_1_58' title='bbox 674 793 797 866; x_wconf 78' lang='lat' dir='ltr'>scripsit:</span> <span class='ocrx_word' id='word_1_59' title='bbox 818 809 879 849; x_wconf 90' lang='lat' dir='ltr'>nam</span> <span class='ocrx_word' id='word_1_60' title='bbox 900 793 954 848; x_wconf 91' lang='lat' dir='ltr'>hoc</span> <span class='ocrx_word' id='word_1_61' title='bbox 968 794 1084 866; x_wconf 91' lang='lat' dir='ltr'>spatium</span> <span class='ocrx_word' id='word_1_62' title='bbox 1101 792 1148 846; x_wconf 90' lang='lat' dir='ltr'>ha·</span> 
     </span>
     <span class='ocr_line' id='line_1_8' title="bbox 146 876 1148 952; baseline -0.002 -19"><span class='ocrx_word' id='word_1_63' title='bbox 146 885 162 933; x_wconf 87' lang='lat'><strong>3</strong></span> <span class='ocrx_word' id='word_1_64' title='bbox 180 879 245 937; x_wconf 88' lang='lat' dir='ltr'>beut</span> <span class='ocrx_word' id='word_1_65' title='bbox 266 881 299 936; x_wconf 92' lang='lat' dir='ltr'>ad</span> <span class='ocrx_word' id='word_1_66' title='bbox 319 897 402 937; x_wconf 89' lang='lat' dir='ltr'>novas</span> <span class='ocrx_word' id='word_1_67' title='bbox 423 879 521 936; x_wconf 89' lang='lat' dir='ltr'>tutelas</span> <span class='ocrx_word' id='word_1_68' title='bbox 538 879 633 935; x_wconf 90' lang='lat' dir='ltr'>vocati.</span> <span class='ocrx_word' id='word_1_69' title='bbox 670 876 703 933; x_wconf 83' lang='lat' dir='ltr'>Et</span> <span class='ocrx_word' id='word_1_70' title='bbox 718 878 765 951; x_wconf 92' lang='lat' dir='ltr'>qui</span> <span class='ocrx_word' id='word_1_71' title='bbox 785 883 949 952; x_wconf 88' lang='lat' dir='ltr'>potestatem</span> <span class='ocrx_word' id='word_1_72' title='bbox 969 876 1084 950; x_wconf 89' lang='lat' dir='ltr'>aliquam</span> <span class='ocrx_word' id='word_1_73' title='bbox 1101 877 1148 930; x_wconf 92' lang='lat' dir='ltr'>ha-</span> 
     </span>
     <span class='ocr_line' id='line_1_9' title="bbox 180 960 1149 1037; baseline -0.004 -17"><span class='ocrx_word' id='word_1_74' title='bbox 180 964 255 1037; x_wconf 87' lang='lat' dir='ltr'>hent,</span> <span class='ocrx_word' id='word_1_75' title='bbox 271 981 400 1022; x_wconf 87' lang='lat' dir='ltr'>excusare</span> <span class='ocrx_word' id='word_1_76' title='bbox 416 979 445 1020; x_wconf 92' lang='lat' dir='ltr'>se</span> <span class='ocrx_word' id='word_1_77' title='bbox 457 970 584 1037; x_wconf 87' lang='lat' dir='ltr'>possunt,</span> <span class='ocrx_word' id='word_1_78' title='bbox 602 971 632 1018; x_wconf 94' lang='lat' dir='ltr'>ut</span> <span class='ocrx_word' id='word_1_79' title='bbox 643 961 720 1018; x_wconf 90' lang='lat' dir='ltr'>divus</span> <span class='ocrx_word' id='word_1_80' title='bbox 737 961 840 1018; x_wconf 89' lang='lat' dir='ltr'>llarcus</span> <span class='ocrx_word' id='word_1_81' title='bbox 852 961 1003 1034; x_wconf 83' lang='lat' dir='ltr'>rescripsit,</span> <span class='ocrx_word' id='word_1_82' title='bbox 1018 960 1068 1018; x_wconf 88' lang='lat' dir='ltr'>sed</span> <span class='ocrx_word' id='word_1_83' title='bbox 1085 975 1149 1017; x_wconf 90' lang='lat' dir='ltr'>coe·</span> 
     </span>
     <span class='ocr_line' id='line_1_10' title="bbox 146 1039 1148 1123; baseline -0.001 -22"><span class='ocrx_word' id='word_1_84' title='bbox 146 1053 163 1101; x_wconf 82' lang='lat'>4</span> <span class='ocrx_word' id='word_1_85' title='bbox 182 1057 255 1123; x_wconf 91' lang='lat' dir='ltr'>ptam</span> <span class='ocrx_word' id='word_1_86' title='bbox 272 1049 383 1105; x_wconf 88' lang='lat' dir='ltr'>tutelam</span> <span class='ocrx_word' id='word_1_87' title='bbox 396 1048 522 1104; x_wconf 87' lang='lat' dir='ltr'>deserere</span> <span class='ocrx_word' id='word_1_88' title='bbox 531 1039 738 1120; x_wconf 83' lang='lat' dir='ltr'>nonpossuut.¹</span> <span class='ocrx_word' id='word_1_89' title='bbox 764 1045 831 1102; x_wconf 92' lang='lat' dir='ltr'>ltem</span> <span class='ocrx_word' id='word_1_90' title='bbox 843 1053 955 1120; x_wconf 88' lang='lat' dir='ltr'>propter</span> <span class='ocrx_word' id='word_1_91' title='bbox 969 1045 1055 1117; x_wconf 89' lang='lat' dir='ltr'>litem,</span> <span class='ocrx_word' id='word_1_92' title='bbox 1068 1061 1148 1118; x_wconf 86' lang='lat' dir='ltr'>quaxn</span> 
     </span>
     <span class='ocr_line' id='line_1_11' title="bbox 182 1129 1148 1207; baseline -0.004 -19"><span class='ocrx_word' id='word_1_93' title='bbox 182 1150 242 1188; x_wconf 92' lang='lat' dir='ltr'>cum</span> <span class='ocrx_word' id='word_1_94' title='bbox 263 1133 368 1207; x_wconf 91' lang='lat' dir='ltr'>pupillo</span> <span class='ocrx_word' id='word_1_95' title='bbox 390 1133 433 1188; x_wconf 88' lang='lat' dir='ltr'>vel</span> <span class='ocrx_word' id='word_1_96' title='bbox 454 1132 546 1188; x_wconf 89' lang='lat' dir='ltr'>adulto</span> <span class='ocrx_word' id='word_1_97' title='bbox 568 1139 645 1188; x_wconf 92' lang='lat' dir='ltr'>tutor</span> <span class='ocrx_word' id='word_1_98' title='bbox 664 1131 706 1186; x_wconf 89' lang='lat' dir='ltr'>vel</span> <span class='ocrx_word' id='word_1_99' title='bbox 726 1138 835 1186; x_wconf 91' lang='lat' dir='ltr'>curator</span> <span class='ocrx_word' id='word_1_100' title='bbox 849 1129 946 1201; x_wconf 87' lang='lat' dir='ltr'>habet,</span> <span class='ocrx_word' id='word_1_101' title='bbox 967 1146 1096 1185; x_wconf 87' lang='lat' dir='ltr'>excusare</span> <span class='ocrx_word' id='word_1_102' title='bbox 1119 1146 1148 1184; x_wconf 91' lang='lat' dir='ltr'>se</span> 
     </span>
     <span class='ocr_line' id='line_1_12' title="bbox 181 1213 1148 1291; baseline -0.003 -19"><span class='ocrx_word' id='word_1_103' title='bbox 181 1233 260 1274; x_wconf 86' lang='lat' dir='ltr'>xremo</span> <span class='ocrx_word' id='word_1_104' title='bbox 276 1225 382 1291; x_wconf 86' lang='lat' dir='ltr'>potest:</span> <span class='ocrx_word' id='word_1_105' title='bbox 403 1218 454 1272; x_wconf 91' lang='lat' dir='ltr'>nisi</span> <span class='ocrx_word' id='word_1_106' title='bbox 474 1217 545 1272; x_wconf 88' lang='lat' dir='ltr'>lorte</span> <span class='ocrx_word' id='word_1_107' title='bbox 560 1216 593 1272; x_wconf 89' lang='lat' dir='ltr'>de</span> <span class='ocrx_word' id='word_1_108' title='bbox 609 1215 732 1272; x_wconf 87' lang='lat' dir='ltr'>omnibus</span> <span class='ocrx_word' id='word_1_109' title='bbox 748 1214 826 1271; x_wconf 89' lang='lat' dir='ltr'>bonis</span> <span class='ocrx_word' id='word_1_110' title='bbox 848 1214 891 1270; x_wconf 87' lang='lat' dir='ltr'>vel</span> <span class='ocrx_word' id='word_1_111' title='bbox 911 1213 1062 1270; x_wconf 87' lang='lat' dir='ltr'>hereditate</span> <span class='ocrx_word' id='word_1_112' title='bbox 1083 1230 1148 1270; x_wconf 88' lang='lat' dir='ltr'>con·</span> 
     </span>
     <span class='ocr_line' id='line_1_13' title="bbox 147 1297 1148 1358; baseline -0.001 -4"><span class='ocrx_word' id='word_1_113' title='bbox 147 1305 163 1354; x_wconf 83' lang='lat'>5</span> <span class='ocrx_word' id='word_1_114' title='bbox 182 1303 313 1358; x_wconf 83' lang='lat' dir='ltr'>troversia</span> <span class='ocrx_word' id='word_1_115' title='bbox 332 1303 378 1358; x_wconf 88' lang='lat' dir='ltr'>sit.</span> <span class='ocrx_word' id='word_1_116' title='bbox 408 1301 474 1357; x_wconf 88' lang='lat' dir='ltr'>ltem</span> <span class='ocrx_word' id='word_1_117' title='bbox 496 1303 548 1357; x_wconf 90' lang='lat' dir='ltr'>tria</span> <span class='ocrx_word' id='word_1_118' title='bbox 568 1317 651 1356; x_wconf 87' lang='lat' dir='ltr'>onera</span> <span class='ocrx_word' id='word_1_119' title='bbox 665 1299 766 1356; x_wconf 82' lang='lat' dir='ltr'>tutelae</span> <span class='ocrx_word' id='word_1_120' title='bbox 786 1315 842 1356; x_wconf 90' lang='lat' dir='ltr'>non</span> <span class='ocrx_word' id='word_1_121' title='bbox 857 1297 995 1355; x_wconf 81' lang='lat' dir='ltr'>affectatae</span> <span class='ocrx_word' id='word_1_122' title='bbox 1009 1298 1052 1354; x_wconf 90' lang='lat' dir='ltr'>vel</span> <span class='ocrx_word' id='word_1_123' title='bbox 1068 1315 1148 1354; x_wconf 90' lang='lat' dir='ltr'>curae</span> 
     </span>
     <span class='ocr_line' id='line_1_14' title="bbox 181 1383 1148 1459; baseline -0.002 -19"><span class='ocrx_word' id='word_1_124' title='bbox 181 1394 319 1459; x_wconf 87' lang='lat' dir='ltr'>praestant</span> <span class='ocrx_word' id='word_1_125' title='bbox 333 1387 514 1458; x_wconf 86' lang='lat' dir='ltr'>vacationem,</span> <span class='ocrx_word' id='word_1_126' title='bbox 538 1385 665 1459; x_wconf 89' lang='lat' dir='ltr'>quamdiu</span> <span class='ocrx_word' id='word_1_127' title='bbox 680 1384 915 1442; x_wconf 85' lang='lat' dir='ltr'>administrantur:</span> <span class='ocrx_word' id='word_1_128' title='bbox 936 1390 967 1438; x_wconf 91' lang='lat' dir='ltr'>ut</span> <span class='ocrx_word' id='word_1_129' title='bbox 982 1391 1073 1438; x_wconf 90' lang='lat' dir='ltr'>tamen</span> <span class='ocrx_word' id='word_1_130' title='bbox 1087 1383 1148 1457; x_wconf 90' lang='lat' dir='ltr'>plu·</span> 
     </span>
     <span class='ocr_line' id='line_1_15' title="bbox 181 1466 1148 1545; baseline -0.003 -20"><span class='ocrx_word' id='word_1_131' title='bbox 181 1471 250 1526; x_wconf 92' lang='lat' dir='ltr'>rium</span> <span class='ocrx_word' id='word_1_132' title='bbox 272 1471 438 1545; x_wconf 91' lang='lat' dir='ltr'>pupillorum</span> <span class='ocrx_word' id='word_1_133' title='bbox 458 1470 544 1526; x_wconf 88' lang='lat' dir='ltr'>tutela</span> <span class='ocrx_word' id='word_1_134' title='bbox 570 1469 613 1525; x_wconf 89' lang='lat' dir='ltr'>vcl</span> <span class='ocrx_word' id='word_1_135' title='bbox 633 1485 696 1526; x_wconf 91' lang='lat' dir='ltr'>cura</span> <span class='ocrx_word' id='word_1_136' title='bbox 722 1468 871 1524; x_wconf 88' lang='lat' dir='ltr'>eorundem</span> <span class='ocrx_word' id='word_1_137' title='bbox 891 1466 1043 1540; x_wconf 85' lang='lat' dir='ltr'>bonorum,</span> <span class='ocrx_word' id='word_1_138' title='bbox 1064 1467 1148 1524; x_wconf 89' lang='lat' dir='ltr'>veluti</span> 
     </span>
     <span class='ocr_line' id='line_1_16' title="bbox 147 1552 1148 1629; baseline -0.002 -20"><span class='ocrx_word' id='word_1_139' title='bbox 147 1559 163 1608; x_wconf 87' lang='grc'>6</span> <span class='ocrx_word' id='word_1_140' title='bbox 181 1555 305 1627; x_wconf 82' lang='lat' dir='ltr'>fratrum,</span> <span class='ocrx_word' id='word_1_141' title='bbox 321 1572 371 1629; x_wconf 92' lang='lat' dir='ltr'>pro</span> <span class='ocrx_word' id='word_1_142' title='bbox 387 1572 439 1610; x_wconf 92' lang='lat' dir='ltr'>una</span> <span class='ocrx_word' id='word_1_143' title='bbox 454 1561 637 1628; x_wconf 90' lang='lat' dir='ltr'>computetur.</span> <span class='ocrx_word' id='word_1_144' title='bbox 669 1552 721 1609; x_wconf 91' lang='lat' dir='ltr'>Sed</span> <span class='ocrx_word' id='word_1_145' title='bbox 737 1561 764 1608; x_wconf 88' lang='lat' dir='ltr'>et</span> <span class='ocrx_word' id='word_1_146' title='bbox 775 1559 889 1627; x_wconf 90' lang='lat' dir='ltr'>propter</span> <span class='ocrx_word' id='word_1_147' title='bbox 900 1560 1087 1627; x_wconf 88' lang='lat' dir='ltr'>paupertatem</span> <span class='ocrx_word' id='word_1_148' title='bbox 1104 1568 1148 1607; x_wconf 82' lang='lat' dir='ltr'>ex·</span> 
     </span>
     <span class='ocr_line' id='line_1_17' title="bbox 181 1636 1147 1710; baseline -0.005 -16"><span class='ocrx_word' id='word_1_149' title='bbox 181 1641 347 1707; x_wconf 80' lang='lat' dir='ltr'>cusationem</span> <span class='ocrx_word' id='word_1_150' title='bbox 363 1639 444 1694; x_wconf 89' lang='lat' dir='ltr'>tribui</span> <span class='ocrx_word' id='word_1_151' title='bbox 467 1646 518 1694; x_wconf 90' lang='lat' dir='ltr'>tam</span> <span class='ocrx_word' id='word_1_152' title='bbox 539 1638 592 1694; x_wconf 86' lang='lat' dir='ltr'>divi</span> <span class='ocrx_word' id='word_1_153' title='bbox 613 1637 711 1692; x_wconf 86' lang='lat' dir='ltr'>fratres</span> <span class='ocrx_word' id='word_1_154' title='bbox 733 1653 813 1710; x_wconf 86' lang='lat' dir='ltr'>quarn</span> <span class='ocrx_word' id='word_1_155' title='bbox 832 1653 881 1710; x_wconf 87' lang='lat' dir='ltr'>per</span> <span class='ocrx_word' id='word_1_156' title='bbox 901 1653 930 1692; x_wconf 89' lang='lat' dir='ltr'>se</span> <span class='ocrx_word' id='word_1_157' title='bbox 951 1637 1028 1692; x_wconf 92' lang='lat' dir='ltr'>divus</span> <span class='ocrx_word' id='word_1_158' title='bbox 1043 1636 1147 1692; x_wconf 88' lang='lat' dir='ltr'>llarcus</span> 
     </span>
     <span class='ocr_line' id='line_1_18' title="bbox 182 1721 1147 1796; baseline 0 -20"><span class='ocrx_word' id='word_1_159' title='bbox 182 1725 336 1796; x_wconf 88' lang='lat' dir='ltr'>rescripsit,</span> <span class='ocrx_word' id='word_1_160' title='bbox 358 1724 381 1777; x_wconf 92' lang='lat' dir='ltr'>si</span> <span class='ocrx_word' id='word_1_161' title='bbox 402 1724 462 1796; x_wconf 90' lang='lat' dir='ltr'>quis</span> <span class='ocrx_word' id='word_1_162' title='bbox 482 1724 613 1794; x_wconf 88' lang='lat' dir='ltr'>imparem</span> <span class='ocrx_word' id='word_1_163' title='bbox 639 1738 669 1776; x_wconf 89' lang='lat' dir='ltr'>se</span> <span class='ocrx_word' id='word_1_164' title='bbox 690 1722 767 1776; x_wconf 88' lang='lat' dir='ltr'>oneri</span> <span class='ocrx_word' id='word_1_165' title='bbox 787 1722 909 1778; x_wconf 90' lang='lat' dir='ltr'>iniuncto</span> <span class='ocrx_word' id='word_1_166' title='bbox 929 1723 1017 1794; x_wconf 89' lang='lat' dir='ltr'>possit</span> <span class='ocrx_word' id='word_1_167' title='bbox 1038 1721 1147 1776; x_wconf 86' lang='lat' dir='ltr'>docere.</span> 
     </span>
     <span class='ocr_line' id='line_1_19' title="bbox 148 1805 1148 1880; baseline -0.002 -19"><span class='ocrx_word' id='word_1_168' title='bbox 148 1805 248 1862; x_wconf 80' lang='lat' dir='ltr'>tltcm</span> <span class='ocrx_word' id='word_1_169' title='bbox 269 1815 383 1880; x_wconf 91' lang='lat' dir='ltr'>propter</span> <span class='ocrx_word' id='word_1_170' title='bbox 404 1806 539 1861; x_wconf 89' lang='lat' dir='ltr'>adversam</span> <span class='ocrx_word' id='word_1_171' title='bbox 561 1805 755 1876; x_wconf 87' lang='lat' dir='ltr'>valetudinem,</span> <span class='ocrx_word' id='word_1_172' title='bbox 781 1813 994 1880; x_wconf 87' lang='lat' dir='ltr'>propterquam</span> <span class='ocrx_word' id='word_1_173' title='bbox 1020 1822 1071 1861; x_wconf 91' lang='lat' dir='ltr'>nec</span> <span class='ocrx_word' id='word_1_174' title='bbox 1091 1805 1148 1860; x_wconf 90' lang='lat' dir='ltr'>suis</span> 
     </span>
     <span class='ocr_line' id='line_1_20' title="bbox 148 1889 1149 1964; baseline 0.002 -22"><span class='ocrx_word' id='word_1_175' title='bbox 148 1895 164 1942; x_wconf 85' lang='lat'>8</span> <span class='ocrx_word' id='word_1_176' title='bbox 183 1890 291 1964; x_wconf 83' lang='lat' dir='ltr'>quidem</span> <span class='ocrx_word' id='word_1_177' title='bbox 307 1891 425 1964; x_wconf 81' lang='lat' dir='ltr'>negotiis</span> <span class='ocrx_word' id='word_1_178' title='bbox 440 1891 572 1945; x_wconf 89' lang='lat' dir='ltr'>interesse</span> <span class='ocrx_word' id='word_1_179' title='bbox 583 1897 686 1963; x_wconf 89' lang='lat' dir='ltr'>potest,</span> <span class='ocrx_word' id='word_1_180' title='bbox 699 1891 836 1946; x_wconf 82' lang='lat' dir='ltr'>excusatio</span> <span class='ocrx_word' id='word_1_181' title='bbox 852 1889 941 1946; x_wconf 88' lang='lat' dir='ltr'>locum</span> <span class='ocrx_word' id='word_1_182' title='bbox 954 1889 1043 1946; x_wconf 88' lang='lat' dir='ltr'>hahet.</span> <span class='ocrx_word' id='word_1_183' title='bbox 1071 1889 1149 1944; x_wconf 86' lang='lat' dir='ltr'>Simi-</span> 
     </span>
     <span class='ocr_line' id='line_1_21' title="bbox 181 1973 1148 2048; baseline -0.002 -18"><span class='ocrx_word' id='word_1_184' title='bbox 181 1974 337 2046; x_wconf 80' lang='lat' dir='ltr'>liternum,</span> <span class='ocrx_word' id='word_1_185' title='bbox 359 1976 405 2048; x_wconf 89' lang='lat' dir='ltr'>qui</span> <span class='ocrx_word' id='word_1_186' title='bbox 426 1975 529 2030; x_wconf 87' lang='lat' dir='ltr'>litteras</span> <span class='ocrx_word' id='word_1_187' title='bbox 544 1975 676 2046; x_wconf 88' lang='lat' dir='ltr'>nesciret,</span> <span class='ocrx_word' id='word_1_188' title='bbox 698 1973 880 2031; x_wconf 83' lang='lat' dir='ltr'>excusandum</span> <span class='ocrx_word' id='word_1_189' title='bbox 895 1991 971 2046; x_wconf 82' lang='lat' dir='ltr'>csse,</span> <span class='ocrx_word' id='word_1_190' title='bbox 993 1973 1069 2030; x_wconf 88' lang='lat' dir='ltr'>divus</span> <span class='ocrx_word' id='word_1_191' title='bbox 1084 1973 1148 2028; x_wconf 92' lang='lat' dir='ltr'>Pius</span> 
     </span>
     <span class='ocr_line' id='line_1_22' title="bbox 181 2058 1149 2134; baseline -0.001 -21"><span class='ocrx_word' id='word_1_192' title='bbox 181 2061 336 2134; x_wconf 82' lang='lat' dir='ltr'>rescripsit:</span> <span class='ocrx_word' id='word_1_193' title='bbox 357 2058 476 2134; x_wconf 82' lang='lat' dir='ltr'>quamvis</span> <span class='ocrx_word' id='word_1_194' title='bbox 499 2067 527 2115; x_wconf 89' lang='lat' dir='ltr'>et</span> <span class='ocrx_word' id='word_1_195' title='bbox 546 2059 663 2134; x_wconf 86' lang='lat' dir='ltr'>imperiti</span> <span class='ocrx_word' id='word_1_196' title='bbox 682 2058 833 2115; x_wconf 89' lang='lat' dir='ltr'>litterarum</span> <span class='ocrx_word' id='word_1_197' title='bbox 848 2067 966 2133; x_wconf 88' lang='lat' dir='ltr'>possunt</span> <span class='ocrx_word' id='word_1_198' title='bbox 985 2058 1019 2116; x_wconf 88' lang='lat' dir='ltr'>ad</span> <span class='ocrx_word' id='word_1_199' title='bbox 1037 2058 1149 2113; x_wconf 89' lang='lat' dir='ltr'>admini-</span> 
     </span>
     <span class='ocr_line' id='line_1_23' title="bbox 149 2141 1150 2220; baseline -0.002 -21"><span class='ocrx_word' id='word_1_200' title='bbox 149 2152 164 2200; x_wconf 83' lang='lat'>9</span> <span class='ocrx_word' id='word_1_201' title='bbox 182 2146 340 2202; x_wconf 88' lang='lat' dir='ltr'>strationem</span> <span class='ocrx_word' id='word_1_202' title='bbox 360 2146 534 2220; x_wconf 82' lang='lat' dir='ltr'>negotiorum</span> <span class='ocrx_word' id='word_1_203' title='bbox 556 2141 691 2200; x_wconf 86' lang='lat' dir='ltr'>sufficere.</span> <span class='ocrx_word' id='word_1_204' title='bbox 728 2143 795 2199; x_wconf 91' lang='lat' dir='ltr'>ltem</span> <span class='ocrx_word' id='word_1_205' title='bbox 814 2144 837 2198; x_wconf 92' lang='lat' dir='ltr'>si</span> <span class='ocrx_word' id='word_1_206' title='bbox 857 2151 970 2216; x_wconf 89' lang='lat' dir='ltr'>propter</span> <span class='ocrx_word' id='word_1_207' title='bbox 985 2143 1150 2198; x_wconf 85' lang='lat' dir='ltr'>inimicitiam</span> 
     </span>
     <span class='ocr_line' id='line_1_24' title="bbox 182 2227 1150 2306; baseline -0.002 -22"><span class='ocrx_word' id='word_1_208' title='bbox 182 2229 298 2302; x_wconf 87' lang='lat' dir='ltr'>aliquem</span> <span class='ocrx_word' id='word_1_209' title='bbox 313 2237 476 2286; x_wconf 88' lang='lat' dir='ltr'>testamento</span> <span class='ocrx_word' id='word_1_210' title='bbox 491 2237 611 2306; x_wconf 88' lang='lat' dir='ltr'>tutorem</span> <span class='ocrx_word' id='word_1_211' title='bbox 627 2237 704 2301; x_wconf 92' lang='lat' dir='ltr'>pater</span> <span class='ocrx_word' id='word_1_212' title='bbox 719 2227 838 2299; x_wconf 88' lang='lat' dir='ltr'>dederit,</span> <span class='ocrx_word' id='word_1_213' title='bbox 859 2229 912 2284; x_wconf 87' lang='lat' dir='ltr'>hoc</span> <span class='ocrx_word' id='word_1_214' title='bbox 927 2229 1015 2302; x_wconf 88' lang='lat' dir='ltr'>ipsum</span> <span class='ocrx_word' id='word_1_215' title='bbox 1030 2234 1150 2300; x_wconf 86' lang='lat' dir='ltr'>praestat</span> 
     </span>
     <span class='ocr_line' id='line_1_25' title="bbox 183 2312 1150 2386; baseline -0.001 -19"><span class='ocrx_word' id='word_1_216' title='bbox 183 2314 207 2367; x_wconf 86' lang='lat' dir='ltr'>ei</span> <span class='ocrx_word' id='word_1_217' title='bbox 223 2316 436 2370; x_wconf 87' lang='lat' dir='ltr'>excusationem:</span> <span class='ocrx_word' id='word_1_218' title='bbox 458 2315 529 2370; x_wconf 89' lang='lat' dir='ltr'>sicut</span> <span class='ocrx_word' id='word_1_219' title='bbox 543 2329 592 2386; x_wconf 90' lang='lat' dir='ltr'>per</span> <span class='ocrx_word' id='word_1_220' title='bbox 607 2313 771 2368; x_wconf 89' lang='lat' dir='ltr'>contrarium</span> <span class='ocrx_word' id='word_1_221' title='bbox 786 2328 842 2368; x_wconf 92' lang='lat' dir='ltr'>non</span> <span class='ocrx_word' id='word_1_222' title='bbox 856 2320 1034 2382; x_wconf 87' lang='lat' dir='ltr'>excusantur,</span> <span class='ocrx_word' id='word_1_223' title='bbox 1057 2312 1104 2384; x_wconf 90' lang='lat' dir='ltr'>qui</span> <span class='ocrx_word' id='word_1_224' title='bbox 1119 2327 1150 2366; x_wconf 89' lang='lat' dir='ltr'>se</span> 
     </span>
     <span class='ocr_line' id='line_1_26' title="bbox 133 2394 1149 2471; baseline -0.002 -19"><span class='ocrx_word' id='word_1_225' title='bbox 133 2405 165 2452; x_wconf 91' lang='lat'>10</span> <span class='ocrx_word' id='word_1_226' title='bbox 184 2397 295 2452; x_wconf 89' lang='lat' dir='ltr'>tutelam</span> <span class='ocrx_word' id='word_1_227' title='bbox 315 2399 385 2470; x_wconf 91' lang='lat' dir='ltr'>patri</span> <span class='ocrx_word' id='word_1_228' title='bbox 405 2394 572 2471; x_wconf 78' lang='lat' dir='ltr'>pupillorum</span> <span class='ocrx_word' id='word_1_229' title='bbox 597 2395 830 2452; x_wconf 86' lang='lat' dir='ltr'>administraturus</span> <span class='ocrx_word' id='word_1_230' title='bbox 857 2397 1051 2470; x_wconf 88' lang='lat' dir='ltr'>promiserunt.</span> <span class='ocrx_word' id='word_1_231' title='bbox 1088 2395 1149 2450; x_wconf 88' lang='lat' dir='ltr'>Nou</span> 
     </span>
     <span class='ocr_line' id='line_1_27' title="bbox 183 2480 1149 2554; baseline -0.001 -19"><span class='ocrx_word' id='word_1_232' title='bbox 183 2495 242 2536; x_wconf 89' lang='lat' dir='ltr'>esse</span> <span class='ocrx_word' id='word_1_233' title='bbox 253 2489 343 2536; x_wconf 89' lang='lat' dir='ltr'>autem</span> <span class='ocrx_word' id='word_1_234' title='bbox 354 2481 546 2537; x_wconf 89' lang='lat' dir='ltr'>admittendam</span> <span class='ocrx_word' id='word_1_235' title='bbox 557 2481 756 2536; x_wconf 85' lang='lat' dir='ltr'>excusationem</span> <span class='ocrx_word' id='word_1_236' title='bbox 768 2481 836 2552; x_wconf 91' lang='lat' dir='ltr'>eius,</span> <span class='ocrx_word' id='word_1_237' title='bbox 853 2482 899 2554; x_wconf 88' lang='lat' dir='ltr'>qui</span> <span class='ocrx_word' id='word_1_238' title='bbox 911 2481 964 2536; x_wconf 88' lang='lat' dir='ltr'>hoo</span> <span class='ocrx_word' id='word_1_239' title='bbox 974 2480 1035 2536; x_wconf 93' lang='lat' dir='ltr'>solo</span> <span class='ocrx_word' id='word_1_240' title='bbox 1051 2481 1149 2550; x_wconf 90' lang='lat' dir='ltr'>utitur,</span> 
     </span>
     <span class='ocr_line' id='line_1_28' title="bbox 183 2563 1148 2640; baseline 0.001 -21"><span class='ocrx_word' id='word_1_241' title='bbox 183 2565 257 2637; x_wconf 87' lang='lat' dir='ltr'>quod</span> <span class='ocrx_word' id='word_1_242' title='bbox 277 2567 389 2639; x_wconf 77' lang='lat' dir='ltr'>ignotus</span> <span class='ocrx_word' id='word_1_243' title='bbox 410 2567 480 2640; x_wconf 88' lang='lat' dir='ltr'>patri</span> <span class='ocrx_word' id='word_1_244' title='bbox 501 2563 667 2638; x_wconf 91' lang='lat' dir='ltr'>pupillorum</span> <span class='ocrx_word' id='word_1_245' title='bbox 682 2565 734 2637; x_wconf 90' lang='lat' dir='ltr'>sit,</span> <span class='ocrx_word' id='word_1_246' title='bbox 756 2565 809 2621; x_wconf 92' lang='lat' dir='ltr'>divi</span> <span class='ocrx_word' id='word_1_247' title='bbox 825 2565 923 2621; x_wconf 86' lang='lat' dir='ltr'>iratres</span> <span class='ocrx_word' id='word_1_248' title='bbox 939 2567 1148 2639; x_wconf 89' lang='lat' dir='ltr'>rescripserunt.</span> 
     </span>
     <span class='ocr_line' id='line_1_29' title="bbox 134 2649 1150 2724; baseline -0.001 -19"><span class='ocrx_word' id='word_1_249' title='bbox 134 2659 163 2706; x_wconf 89' lang='lat'>11</span> <span class='ocrx_word' id='word_1_250' title='bbox 183 2651 354 2722; x_wconf 89' lang='lat' dir='ltr'>inimicitiae,</span> <span class='ocrx_word' id='word_1_251' title='bbox 381 2667 446 2724; x_wconf 89' lang='lat' dir='ltr'>quas</span> <span class='ocrx_word' id='word_1_252' title='bbox 468 2650 611 2723; x_wconf 89' lang='lat' dir='ltr'>quiscum</span> <span class='ocrx_word' id='word_1_253' title='bbox 635 2658 713 2722; x_wconf 90' lang='lat' dir='ltr'>patre</span> <span class='ocrx_word' id='word_1_254' title='bbox 739 2649 906 2724; x_wconf 91' lang='lat' dir='ltr'>pupillorum</span> <span class='ocrx_word' id='word_1_255' title='bbox 931 2649 974 2706; x_wconf 90' lang='lat' dir='ltr'>vel</span> <span class='ocrx_word' id='word_1_256' title='bbox 994 2649 1150 2706; x_wconf 88' lang='lat' dir='ltr'>adultorum</span> 
     </span>
     <span class='ocr_line' id='line_1_30' title="bbox 183 2733 1151 2809; baseline 0 -19"><span class='ocrx_word' id='word_1_257' title='bbox 183 2736 312 2807; x_wconf 86' lang='lat' dir='ltr'>exercuit,</span> <span class='ocrx_word' id='word_1_258' title='bbox 328 2737 352 2790; x_wconf 90' lang='lat' dir='ltr'>si</span> <span class='ocrx_word' id='word_1_259' title='bbox 366 2733 492 2809; x_wconf 89' lang='lat' dir='ltr'>capitales</span> <span class='ocrx_word' id='word_1_260' title='bbox 508 2733 620 2790; x_wconf 77' lang='lat' dir='ltr'>iuuerunt</span> <span class='ocrx_word' id='word_1_261' title='bbox 634 2751 685 2790; x_wconf 86' lang='lat' dir='ltr'>nec</span> <span class='ocrx_word' id='word_1_262' title='bbox 699 2734 883 2792; x_wconf 88' lang='lat' dir='ltr'>reconciliatio</span> <span class='ocrx_word' id='word_1_263' title='bbox 898 2736 1059 2806; x_wconf 85' lang='lat' dir='ltr'>intervenit,</span> <span class='ocrx_word' id='word_1_264' title='bbox 1076 2750 1091 2790; x_wconf 89' lang='lat' dir='ltr'>a</span> <span class='ocrx_word' id='word_1_265' title='bbox 1107 2742 1151 2790; x_wconf 91' lang='lat' dir='ltr'>tu-</span> 
     </span>
     <span class='ocr_line' id='line_1_31' title="bbox 133 2809 1152 2892; baseline 0 -18"><span class='ocrx_word' id='word_1_266' title='bbox 133 2827 164 2874; x_wconf 81' lang='lat'>12</span> <span class='ocrx_word' id='word_1_267' title='bbox 183 2819 237 2875; x_wconf 88' lang='lat' dir='ltr'>tela</span> <span class='ocrx_word' id='word_1_268' title='bbox 251 2819 342 2876; x_wconf 90' lang='lat' dir='ltr'>solent</span> <span class='ocrx_word' id='word_1_269' title='bbox 358 2834 495 2876; x_wconf 89' lang='lat' dir='ltr'>excusare.</span> <span class='ocrx_word' id='word_1_270' title='bbox 525 2817 593 2875; x_wconf 91' lang='lat' dir='ltr'>ltem</span> <span class='ocrx_word' id='word_1_271' title='bbox 614 2819 637 2874; x_wconf 91' lang='lat' dir='ltr'>si</span> <span class='ocrx_word' id='word_1_272' title='bbox 658 2819 718 2892; x_wconf 92' lang='lat' dir='ltr'>quis</span> <span class='ocrx_word' id='word_1_273' title='bbox 739 2809 827 2875; x_wconf 90' lang='lat' dir='ltr'>status</span> <span class='ocrx_word' id='word_1_274' title='bbox 842 2821 1054 2876; x_wconf 86' lang='lat' dir='ltr'>controversiam</span> <span class='ocrx_word' id='word_1_275' title='bbox 1070 2835 1086 2874; x_wconf 88' lang='lat' dir='ltr'>a</span> <span class='ocrx_word' id='word_1_276' title='bbox 1100 2835 1152 2892; x_wconf 92' lang='lat' dir='ltr'>pu·</span> 
     </span>
     <span class='ocr_line' id='line_1_32' title="bbox 133 2902 1151 2978; baseline 0.002 -20"><span class='ocrx_word' id='word_1_277' title='bbox 133 2912 165 2960; x_wconf 84' lang='lat'>13</span> <span class='ocrx_word' id='word_1_278' title='bbox 182 2902 310 2976; x_wconf 91' lang='lat' dir='ltr'>pillorum</span> <span class='ocrx_word' id='word_1_279' title='bbox 325 2911 402 2978; x_wconf 89' lang='lat' dir='ltr'>patre</span> <span class='ocrx_word' id='word_1_280' title='bbox 416 2919 512 2978; x_wconf 88' lang='lat' dir='ltr'>passus</span> <span class='ocrx_word' id='word_1_281' title='bbox 528 2911 581 2975; x_wconf 89' lang='lat' dir='ltr'>est,</span> <span class='ocrx_word' id='word_1_282' title='bbox 597 2910 742 2959; x_wconf 86' lang='lat' dir='ltr'>excusatur</span> <span class='ocrx_word' id='word_1_283' title='bbox 762 2920 777 2959; x_wconf 89' lang='lat' dir='ltr'>a</span> <span class='ocrx_word' id='word_1_284' title='bbox 796 2904 891 2961; x_wconf 84' lang='lat' dir='ltr'>tutela.</span> <span class='ocrx_word' id='word_1_285' title='bbox 923 2903 990 2960; x_wconf 87' lang='lat' dir='ltr'>ltem</span> <span class='ocrx_word' id='word_1_286' title='bbox 1007 2905 1093 2962; x_wconf 86' lang='lat' dir='ltr'>maior</span> <span class='ocrx_word' id='word_1_287' title='bbox 1108 2920 1151 2960; x_wconf 86' lang='lat' dir='ltr'>se·</span> 
     </span>
     <span class='ocr_line' id='line_1_33' title="bbox 182 2987 1151 3062; baseline 0.002 -20"><span class='ocrx_word' id='word_1_288' title='bbox 182 2988 324 3061; x_wconf 80' lang='lat' dir='ltr'>ptuaginta</span> <span class='ocrx_word' id='word_1_289' title='bbox 344 2989 420 3044; x_wconf 91' lang='lat' dir='ltr'>annis</span> <span class='ocrx_word' id='word_1_290' title='bbox 436 3005 451 3043; x_wconf 89' lang='lat' dir='ltr'>a</span> <span class='ocrx_word' id='word_1_291' title='bbox 470 2987 556 3044; x_wconf 88' lang='lat' dir='ltr'>tutela</span> <span class='ocrx_word' id='word_1_292' title='bbox 575 2987 618 3044; x_wconf 89' lang='lat' dir='ltr'>vel</span> <span class='ocrx_word' id='word_1_293' title='bbox 632 3004 696 3044; x_wconf 92' lang='lat' dir='ltr'>cura</span> <span class='ocrx_word' id='word_1_294' title='bbox 710 3005 740 3044; x_wconf 93' lang='lat' dir='ltr'>se</span> <span class='ocrx_word' id='word_1_295' title='bbox 754 2996 848 3062; x_wconf 90' lang='lat' dir='ltr'>potest</span> <span class='ocrx_word' id='word_1_296' title='bbox 862 3003 1000 3046; x_wconf 85' lang='lat' dir='ltr'>excusare.</span> <span class='ocrx_word' id='word_1_297' title='bbox 1030 2991 1151 3045; x_wconf 89' lang='lat' dir='ltr'>minores</span> 
     </span>
     <span class='ocr_line' id='line_1_34' title="bbox 183 3071 1152 3147; baseline -0.001 -19"><span class='ocrx_word' id='word_1_298' title='bbox 183 3079 273 3128; x_wconf 90' lang='lat' dir='ltr'>autem</span> <span class='ocrx_word' id='word_1_299' title='bbox 292 3073 386 3147; x_wconf 86' lang='lat' dir='ltr'>viginti</span> <span class='ocrx_word' id='word_1_300' title='bbox 409 3082 436 3129; x_wconf 87' lang='lat' dir='ltr'>et</span> <span class='ocrx_word' id='word_1_301' title='bbox 457 3074 577 3146; x_wconf 89' lang='lat' dir='ltr'>quinque</span> <span class='ocrx_word' id='word_1_302' title='bbox 597 3074 673 3129; x_wconf 91' lang='lat' dir='ltr'>aunis</span> <span class='ocrx_word' id='word_1_303' title='bbox 695 3071 758 3129; x_wconf 91' lang='lat' dir='ltr'>olim</span> <span class='ocrx_word' id='word_1_304' title='bbox 779 3074 886 3147; x_wconf 88' lang='lat' dir='ltr'>quidem</span> <span class='ocrx_word' id='word_1_305' title='bbox 908 3071 1152 3130; x_wconf 86' lang='lat' dir='ltr'>excusahautur:a</span> 
     </span>
     <span class='ocr_line' id='line_1_35' title="bbox 183 3149 1150 3231; baseline 0 -19"><span class='ocrx_word' id='word_1_306' title='bbox 183 3164 276 3212; x_wconf 88' lang='lat' dir='ltr'>nostra</span> <span class='ocrx_word' id='word_1_307' title='bbox 291 3165 379 3214; x_wconf 87' lang='lat' dir='ltr'>autem</span> <span class='ocrx_word' id='word_1_308' title='bbox 394 3149 611 3214; x_wconf 84' lang='lat' dir='ltr'>constitutione²</span> <span class='ocrx_word' id='word_1_309' title='bbox 624 3156 805 3231; x_wconf 87' lang='lat' dir='ltr'>prohibentur</span> <span class='ocrx_word' id='word_1_310' title='bbox 820 3158 853 3214; x_wconf 91' lang='lat' dir='ltr'>ad</span> <span class='ocrx_word' id='word_1_311' title='bbox 867 3159 980 3215; x_wconf 87' lang='lat' dir='ltr'>tutelam</span> <span class='ocrx_word' id='word_1_312' title='bbox 1000 3157 1044 3214; x_wconf 86' lang='lat' dir='ltr'>rel</span> <span class='ocrx_word' id='word_1_313' title='bbox 1059 3173 1150 3214; x_wconf 91' lang='lat' dir='ltr'>curam</span> 
     </span>
     <span class='ocr_line' id='line_1_36' title="bbox 183 3241 1150 3318; baseline 0.002 -22"><span class='ocrx_word' id='word_1_314' title='bbox 183 3243 310 3315; x_wconf 83' lang='lat' dir='ltr'>aspirare,</span> <span class='ocrx_word' id='word_1_315' title='bbox 327 3241 393 3298; x_wconf 89' lang='lat' dir='ltr'>adeo</span> <span class='ocrx_word' id='word_1_316' title='bbox 409 3249 440 3298; x_wconf 92' lang='lat' dir='ltr'>ut</span> <span class='ocrx_word' id='word_1_317' title='bbox 455 3259 506 3314; x_wconf 85' lang='lat' dir='ltr'>nec</span> <span class='ocrx_word' id='word_1_318' title='bbox 520 3243 693 3299; x_wconf 90' lang='lat' dir='ltr'>excusatione</span> <span class='ocrx_word' id='word_1_319' title='bbox 714 3259 783 3318; x_wconf 92' lang='lat' dir='ltr'>opus</span> <span class='ocrx_word' id='word_1_320' title='bbox 799 3241 854 3300; x_wconf 86' lang='lat' dir='ltr'>fiat.</span> <span class='ocrx_word' id='word_1_321' title='bbox 886 3260 938 3317; x_wconf 91' lang='lat' dir='ltr'>qua</span> <span class='ocrx_word' id='word_1_322' title='bbox 954 3243 1150 3300; x_wconf 86' lang='lat' dir='ltr'>constitutione</span> 
     </span>
    </p>
   </div>
   <div class='ocr_carea' id='block_1_3' title="bbox 184 3437 369 3574">
    <p class='ocr_par' dir='ltr' id='par_1_3' title="bbox 184 3437 369 3574">
     <span class='ocr_line' id='line_1_37' title="bbox 252 3437 369 3504; baseline -0.009 -16"><span class='ocrx_word' id='word_1_323' title='bbox 252 3437 272 3504; x_wconf 83' lang='lat'>¹)</span> <span class='ocrx_word' id='word_1_324' title='bbox 291 3460 325 3480; x_wconf 92' lang='lat'>=</span> <span class='ocrx_word' id='word_1_325' title='bbox 337 3440 369 3488; x_wconf 88' lang='lat' dir='ltr'>L.</span> 
     </span>
     <span class='ocr_line' id='line_1_38' title="bbox 184 3503 355 3574; baseline -0.006 -20"><span class='ocrx_word' id='word_1_326' title='bbox 184 3506 263 3555; x_wconf 86' lang='lat' dir='ltr'>instit.</span> <span class='ocrx_word' id='word_1_327' title='bbox 334 3503 355 3574; x_wconf 81' lang='lat'>²)</span> 
     </span>
    </p>
   </div>
   <div class='ocr_carea' id='block_1_4' title="bbox 402 3440 1149 3560">
    <p class='ocr_par' dir='ltr' id='par_1_4' title="bbox 402 3440 1149 3560">
     <span class='ocr_line' id='line_1_39' title="bbox 402 3440 1149 3560; baseline 0.003 -70"><span class='ocrx_word' id='word_1_328' title='bbox 402 3443 414 3490; x_wconf 88' lang='lat'>1</span> <span class='ocrx_word' id='word_1_329' title='bbox 427 3457 476 3560; x_wconf 65' lang='lat' dir='ltr'>23pr.</span> <span class='ocrx_word' id='word_1_330' title='bbox 497 3443 529 3490; x_wconf 89' lang='lat' dir='ltr'>I).</span> <span class='ocrx_word' id='word_1_331' title='bbox 554 3443 585 3492; x_wconf 83' lang='lat' dir='ltr'>de</span> <span class='ocrx_word' id='word_1_332' title='bbox 603 3457 690 3493; x_wconf 82' lang='lat' dir='ltr'>excas.</span> <span class='ocrx_word' id='word_1_333' title='bbox 711 3448 756 3494; x_wconf 84' lang='lat' dir='ltr'>tot.</span> <span class='ocrx_word' id='word_1_334' title='bbox 776 3443 826 3505; x_wconf 73' lang='lat' dir='ltr'>(il,</span> <span class='ocrx_word' id='word_1_335' title='bbox 847 3440 871 3504; x_wconf 88' lang='lat'>1)</span> <span class='ocrx_word' id='word_1_336' title='bbox 896 3457 930 3492; x_wconf 83' lang='lat' dir='ltr'>eac</span> <span class='ocrx_word' id='word_1_337' title='bbox 948 3442 1081 3494; x_wconf 82' lang='lat' dir='ltr'>Marciani</span> <span class='ocrx_word' id='word_1_338' title='bbox 1098 3445 1114 3494; x_wconf 85' lang='lat' dir='ltr'>l.</span> <span class='ocrx_word' id='word_1_339' title='bbox 1135 3444 1149 3491; x_wconf 81' lang='lat'><strong>2</strong></span> 
     </span>
    </p>
   </div>
   <div class='ocr_carea' id='block_1_5' title="bbox 375 3443 831 3574">
    <p class='ocr_par' dir='ltr' id='par_1_5' title="bbox 375 3443 831 3574">
     <span class='ocr_line' id='line_1_40' title="bbox 375 3443 831 3574; baseline 0.004 -14"><span class='ocrx_word' id='word_1_340' title='bbox 375 3443 408 3560; x_wconf 60' lang='grc' dir='ltr'>ἓ.</span> <span class='ocrx_word' id='word_1_341' title='bbox 472 3509 500 3560; x_wconf 84' lang='lat'>0.</span> <span class='ocrx_word' id='word_1_342' title='bbox 520 3511 551 3560; x_wconf 87' lang='lat' dir='ltr'>de</span> <span class='ocrx_word' id='word_1_343' title='bbox 569 3511 638 3574; x_wconf 81' lang='lat' dir='ltr'>lepit.</span> <span class='ocrx_word' id='word_1_344' title='bbox 660 3515 705 3560; x_wconf 85' lang='lat' dir='ltr'>tut.</span> <span class='ocrx_word' id='word_1_345' title='bbox 724 3510 759 3574; x_wconf 82' lang='lat'>(5,</span> <span class='ocrx_word' id='word_1_346' title='bbox 779 3510 831 3572; x_wconf 87' lang='grc'>30).</span> 
     </span>
    </p>
   </div>
   <div class='ocr_carea' id='block_1_6' title="bbox 0 0 1251 3916">
    <p class='ocr_par' dir='ltr' id='par_1_6' title="bbox 0 0 1251 3916">
     <span class='ocr_line' id='line_1_41' title="bbox 0 0 1251 3916; baseline 0 0"><span class='ocrx_word' id='word_1_347' title='bbox 0 0 1251 3916; x_wconf 95' lang='lat' dir='ltr'> </span> 
     </span>
    </p>
   </div>
  </div>
 </body>
</html>
