2486 3916
157 155 201 220 24
419 173 455 206 on
475 170 586 207 carrrrs
605 169 765 205 urunrroun
784 155 807 220 1,
831 155 870 204 16.

158 331 273 387 rumque
293 315 447 388 perimitur:
469 329 529 368 nam
550 311 676 385 adgnatio
697 311 762 366 iuris
778 319 820 366 est
837 325 949 366 nomen.
988 311 1146 384 cognatio·

159 401 199 454 nis
225 414 289 453 vero
315 399 356 452 ius
383 413 439 453 non
466 393 588 453 omnibus
615 395 701 450 modis
729 401 927 466 commutatur,
956 396 1021 468 quia
1049 397 1147 452 civilis

159 483 227 538 ratio
249 481 335 538 civilia
356 481 465 554 quidem
488 482 545 535 iura
572 491 746 552 corrumpere
771 485 880 552 potest,
905 479 1043 535 naturalia
1072 497 1148 536 vero

158 583 214 622 uon
228 568 332 640 utique.

574 759 629 800 m.
643 759 705 799 XVI.

418 863 468 914 DE
487 859 866 912 ctP1rrsM1NUT10Nn.

107 1014 142 1054 p,
248 980 313 1042 ¹Est
333 993 422 1040 autem
444 985 536 1057 capitis
557 983 705 1039 deminutio
725 984 825 1057 prioris
840 990 928 1039 status
944 987 1144 1048 commutatio,

159 1087 244 1144 eaque
265 1069 351 1125 tribus
366 1068 453 1124 modis
469 1067 577 1124 accidit:
599 1083 660 1122 nam
681 1076 728 1123 aut
742 1069 854 1124 maxima
870 1077 912 1123 est
928 1069 1025 1142 capitis
1049 1069 1143 1126 demi·

159 1157 236 1210 nutio
258 1161 303 1209 aut
318 1155 422 1224 minor,
445 1169 524 1226 quam
545 1151 652 1225 quidam
673 1151 787 1206 mediam
807 1159 919 1224 vocant,
941 1160 988 1207 aut
1009 1155 1139 1210 minima.

127 1246 139 1292 1
159 1237 270 1294 Maxima
290 1245 331 1293 est
353 1238 446 1310 capitis
468 1236 633 1306 deminutio,
654 1251 715 1292 cum
736 1235 832 1308 aliquis
847 1236 929 1291 simul
945 1244 974 1292 et
994 1238 1140 1294 civitatem

160 1329 187 1378 et
207 1321 358 1378 libertatem
377 1321 483 1377 amittit.
521 1319 595 1394 quod
615 1319 710 1376 accidit
729 1321 757 1374 in
778 1320 836 1391 his,
863 1321 908 1394 qni
930 1322 1004 1376 servi
1024 1338 1141 1395 poenae

159 1403 314 1462 efficiuntur
329 1407 470 1462 atrocitate
485 1405 650 1475 sententiae,
671 1404 714 1460 vel
728 1402 817 1460 liberti
834 1413 864 1459 ut
879 1405 980 1478 ingrati
995 1407 1069 1462 circa
1087 1425 1139 1479 pa-

160 1499 255 1546 tronos
277 1487 464 1560 condemnati,
486 1489 528 1544 rel
549 1489 595 1561 qui
616 1487 649 1543 ad
668 1489 784 1562 pretinm
804 1489 1018 1565 participandum
1039 1507 1070 1544 se
1089 1508 1138 1546 ve-

125 1574 281 1638 enumdari
300 1575 372 1648 passi
393 1581 466 1630 suut.
503 1573 590 1628 Minor
610 1573 666 1630 sive
686 1571 773 1626 media
793 1580 835 1627 est
856 1573 950 1646 capitis
966 1571 1137 1646 deminutio,

159 1675 221 1714 cum
242 1659 333 1712 civitas
356 1657 463 1730 quidem
486 1657 633 1727 amittitur,
656 1654 764 1710 libertas
787 1672 850 1712 vero
871 1657 1015 1712 retinetur.
1054 1659 1136 1730 quod

159 1740 255 1796 accidit
275 1742 316 1811 ei,
337 1742 380 1796 cui
401 1756 469 1813 aqua
490 1747 517 1793 et
537 1741 595 1813 igni
609 1738 782 1794 interdictum
798 1739 896 1812 fuerit,
916 1741 960 1796 vel
975 1743 1015 1812 ei,
1039 1743 1135 1815 quiin

126 1838 141 1885 3
160 1823 273 1879 insulam
289 1823 447 1896 deportatus
462 1831 514 1878 est.
550 1822 656 1878 Minima
670 1824 765 1896 capitis
780 1823 928 1880 deminutio
944 1833 1003 1896 est,
1022 1843 1087 1882 cum
1104 1834 1135 1883 et

159 1909 251 1963 civitas
272 1915 300 1963 et
319 1906 429 1964 libertas
450 1909 599 1979 retinetur,
620 1907 668 1964 sed
688 1914 775 1963 status
797 1908 913 1964 hominis
933 1919 1133 1968 commutatur.

161 1991 241 2065 quod
255 1991 352 2050 accidit
372 1993 400 2048 in
421 1993 479 2064 his,
506 1993 568 2067 qui,
590 1986 654 2048 cum
672 1993 715 2048 sui
737 1993 802 2048 iuris
822 1993 950 2065 fuerunt,
976 2005 1135 2068 coeperunt

125 2091 141 2136 4
159 2077 246 2133 alieno
262 2079 315 2134 iuri
335 2076 450 2134 subiecti
465 2093 542 2149 esse,
563 2077 604 2133 vel
620 2083 723 2133 contra.
760 2076 859 2132 Servus
874 2087 964 2134 autern
982 2082 1134 2136 manumis-

125 2174 141 2220 5
159 2177 206 2216 sus
228 2163 315 2236 capite
335 2179 391 2218 uon
410 2163 554 2234 minuitur,
576 2163 637 2236 quia
658 2161 762 2216 nulium
782 2170 862 2234 caput
885 2161 986 2219 imbuit.
1024 2162 1132 2231 Quibus

160 2254 248 2301 autem
264 2245 381 2320 dignitas
396 2248 481 2321 magis
497 2263 577 2320 qnam
591 2253 678 2302 status
698 2253 883 2319 permutatur,
904 2248 991 2320 capite
1007 2265 1064 2304 non
1080 2251 1133 2306 rni-

159 2338 293 2385 nuuntur:
311 2339 338 2386 et
352 2329 413 2385 ideo
429 2338 526 2386 senatu
540 2337 630 2386 motos
646 2330 733 2402 capite
747 2346 802 2385 non
819 2331 901 2386 minui
917 2340 1034 2388 constat.

125 2425 141 2472 6
223 2411 301 2480 Quod
321 2421 412 2468 autem
432 2414 534 2469 dictum
556 2422 614 2485 est,
635 2429 742 2468 manere
763 2415 934 2488 cognationis
955 2417 998 2472 ius
1014 2425 1043 2472 et
1064 2427 1133 2491 post

160 2497 253 2569 capitis
269 2497 496 2569 deminutionem,
512 2498 565 2554 hoc
579 2500 615 2554 ita
631 2506 689 2569 est,
704 2498 727 2554 si
742 2499 849 2554 minima
864 2501 960 2574 capitis
975 2500 1131 2560 deminutio

158 2581 335 2638 interveniat:
356 2590 446 2638 manet
467 2584 537 2638 enim
554 2583 690 2657 cognatio.
729 2585 827 2638 namsi
843 2585 1066 2658 marimacapitis
1082 2587 1131 2644 de-

160 2665 274 2722 minutio
289 2668 424 2738 incurrat,
446 2667 487 2722 ius
504 2685 613 2742 quoque
628 2669 799 2742 cognationis
813 2669 900 2742 perit,
917 2676 947 2723 ut
962 2677 1028 2742 puta
1043 2673 1131 2727 servi·

159 2756 219 2805 tute
240 2751 352 2808 alicuius
374 2753 497 2826 cognati,
524 2761 551 2808 et
571 2769 605 2808 ne
627 2752 751 2826 quidem,
778 2753 801 2807 si
823 2755 1002 2808 manumissus
1032 2753 1128 2826 inerit,

158 2835 254 2908 recipit
269 2837 469 2911 cognationem.
505 2837 554 2893 sed
569 2845 596 2893 et
611 2839 634 2892 si
649 2838 676 2893 in
691 2836 806 2892 insulam
826 2836 986 2910 deportatus
1003 2841 1065 2912 quis
1081 2842 1130 2913 sit,

126 2933 140 2981 7
159 2922 285 2992 cognatio
302 2921 426 2978 solvitur.
463 2915 547 2978 2(Ῑιιιη
563 2930 654 2978 autem
674 2921 706 2976 ad
729 2921 862 2996 adgnatos
881 2922 966 2978 tutela
980 2925 1130 2997 pertineat,

159 3018 214 3058 non
230 3006 311 3062 simul
332 3005 364 3062 ad
381 3024 474 3064 omnes
489 3009 624 3082 pertinet,
645 3006 693 3062 sed
713 3006 745 3061 ad
767 3023 814 3062 eos
830 3013 951 3078 tantum,
974 3009 1021 3080 qni
1035 3011 1130 3082 proni-

158 3081 262 3144 1niore³
277 3091 362 3166 gradu
376 3101 456 3167 sunt,
471 3093 529 3166 vel,
546 3095 569 3150 si
584 3090 704 3148 ciusdem
719 3091 818 3165 gradus
833 3091 903 3163 sint,
919 3091 952 3146 ad
968 3105 1073 3148 omnes.

158 3223 360 3234 *Q*—

227 3306 246 3370 ¹)
262 3327 306 3374 pr.
325 3311 365 3372 §5-
386 3314 479 3364 1...3.
491 3331 526 3352 -π
540 3310 595 3360 dat.
616 3312 639 3368 1,
661 3309 802 3360 loe-162.
859 3305 880 3368 ²)
902 3307 1044 3372 ...gradu
1062 3313 1130 3358 eunt

158 3395 191 3415 =
211 3377 267 3428 Gai.
287 3381 310 3436 1,
331 3381 388 3430 164.
457 3377 478 3441 ⁸)
496 3381 533 3431 sic
550 3377 575 3427 E
593 3384 619 3427 et
639 3376 751 3440 Theopd.
770 3377 813 3425 ed.
837 3374 910 3426 Sodr.
937 3377 1062 3439 proximo
1088 3381 1130 3428 oet

158 3447 324 3505 proximiore
337 3452 376 3498 vet
388 3447 567 3512 proximiores
585 3447 630 3496 alii
640 3445 715 3496 codd.
727 3443 849 3508 proximo
868 3442 914 3506 (em
927 3441 1000 3506 tinio)
1020 3445 1062 3494 ed.
1076 3443 1129 3497 Kr.
