2484 3916
253 191 289 226 nn
309 191 449 227 enotrius
467 191 658 228 enounuonun
677 191 789 228 rursus
807 178 830 242 1,
851 179 891 229 15.
1015 174 1056 239 23

90 339 180 389 mento
196 331 274 388 datus
292 340 367 388 tutor
382 334 450 403 erit,
471 349 531 388 cunt
546 349 657 406 compos
673 335 770 402 mentis
793 341 840 390 aut
861 335 946 390 maior
961 334 1057 407 viginti

90 419 208 490 quinque
223 417 300 472 annis
315 416 398 472 inerit
413 416 509 473 iactus.

152 500 192 556 Ad
207 507 312 556 certum
327 508 434 574 tempus
446 501 489 558 vel
504 518 535 558 ex
551 510 627 559 certo
643 510 766 575 tempore
776 502 820 558 vel
834 501 884 558 sub
897 501 1056 558 condicione
1074 520 1090 565 3

88 585 130 640 vel
151 593 213 640 ante
229 584 336 640 heredis
356 586 555 642 institutionem
570 602 652 660 posse
668 586 725 642 dari
742 595 863 642 tutorem
879 603 934 643 non
952 585 1057 642 dubita·

88 678 142 724 tur.
174 667 268 724 Certae
283 677 372 725 autem
387 671 427 725 rei
442 669 484 725 vel
499 687 595 726 causae
609 678 687 726 tutor
702 669 758 726 dari
773 686 829 729 non
844 678 953 744 potest,
977 663 1057 744 ¹quia
1074 670 1090 718 4

87 770 237 828 personae,
252 769 307 808 non
323 769 418 810 causae
433 754 475 810 vel
490 755 530 810 rei
545 754 633 810 datur.

152 831 199 894 ¹Si
215 839 275 910 quis
291 835 396 894 filiabus
408 839 464 894 suis
477 839 519 894 vel
535 837 596 895 tiliis
613 847 718 896 tutores
730 838 851 910 dederit,
867 840 947 894 etiam
962 847 1057 912 postu·
1075 837 1090 886 ὅ

88 938 146 978 mae
158 921 200 977 vel
215 929 344 995 postumo
356 921 463 978 videtur
475 922 591 995 dedisse,
608 925 670 997 quia
682 922 729 979 lilii
740 922 783 980 vel
798 921 868 979 filiae
878 922 1057 996 appellatione

88 1015 122 1082 et⁴
135 1014 280 1080 postumus
302 1015 330 1062 et
348 1013 475 1080 postuma
494 1010 678 1064 eontinentur.
715 1007 796 1081 quid,
819 1009 843 1064 si
862 1015 977 1081 nepotes
992 1007 1057 1078 sint,

87 1108 118 1146 an
135 1089 318 1164 appellatione
338 1089 456 1146 liliorum
473 1099 500 1146 et
520 1093 585 1165 ipsis
607 1100 713 1148 tutores
735 1092 790 1148 dati
812 1091 894 1148 sunt?
915 1090 1057 1146 dicendum

87 1184 143 1246 est,
161 1184 193 1230 ut
208 1175 274 1248 ipsis
291 1190 400 1248 quoque
416 1174 471 1230 dati
486 1175 638 1248 videantur,
654 1178 677 1232 si
693 1175 775 1232 modo
791 1175 891 1232 liberos
907 1175 983 1231 dixit.
1015 1191 1058 1230 oe·

85 1267 177 1315 terum
192 1261 215 1314 si
231 1257 316 1329 lilios,
340 1276 396 1314 non
411 1259 636 1316 continebuntur:
656 1261 735 1316 aliter
749 1262 819 1316 enim
835 1258 897 1330 lilii,
919 1259 996 1316 aliter
1011 1275 1057 1316 ne·

86 1351 167 1417 potes
184 1342 362 1416 appellantur.
389 1343 469 1417 plane
483 1345 506 1399 si
521 1346 655 1418 postumis
671 1344 790 1416 dederit,
807 1352 860 1400 tam
877 1341 923 1399 filii
938 1345 1058 1416 postumi

87 1445 168 1500 quam
184 1429 267 1484 ceteri
282 1425 360 1483 liberi
376 1427 597 1484 continebuntur.

512 1624 568 1666 ΤΠ.
582 1624 632 1666 XV.

219 1727 269 1776 nn
287 1691 470 1778 creemus
491 1727 750 1779 nnennronuu
768 1726 925 1778 riennes.

150 1842 275 1916 2Qunus
291 1857 380 1904 autem
394 1857 558 1906 testamento
574 1857 650 1906 tutor
665 1850 744 1906 datus
759 1851 877 1921 nonsit,
892 1849 935 1904 his
948 1864 980 1904 en
995 1849 1056 1922 lege
1074 1871 1108 1910 pa,

87 1933 232 1990 duodecim
255 1931 404 1989 tabularum
425 1933 533 2007 adgnati
553 1942 618 1990 sunt
634 1941 755 2005 tutores,
778 1935 825 2007 qui
839 1941 972 1990 vocantur
991 1932 1058 2006 legi-

87 2019 154 2074 timi.
187 2017 258 2072 Sunt
273 2025 361 2074 autem
383 2017 494 2092 adgnati
513 2035 562 2091 per
576 2019 660 2074 virilis
681 2035 762 2074 serus
784 2019 975 2091 cognationem
993 2033 1058 2072 con·
1078 2025 1090 2071 1

88 2103 191 2173 iuncti,
214 2103 290 2174 quasi
305 2119 320 2157 a
334 2111 411 2176 patre
426 2103 552 2176 cognati,
567 2101 652 2157 veluti
667 2101 750 2157 irater
765 2101 860 2157 eodem
875 2109 952 2174 patre
968 2107 1057 2169 natus,

88 2186 180 2242 fratris
203 2182 275 2240 lilius
298 2201 417 2260 neposve
433 2203 465 2242 en
481 2203 530 2258 eo,
552 2187 617 2241 item
637 2194 751 2259 patruus
767 2192 794 2240 et
815 2185 903 2257 patrui
924 2183 996 2238 filius
1012 2199 1058 2239 ne-

88 2285 174 2344 posve
189 2287 223 2326 en
239 2286 281 2325 eo.
318 2279 345 2325 at
366 2271 412 2343 qui
433 2287 482 2344 per
502 2269 624 2326 seminini
644 2285 725 2326 sexus
746 2284 877 2343 personas
896 2269 1059 2343 cognatione

88 2357 257 2429 iunguntur,
279 2371 335 2410 non
357 2362 422 2410 sunt
436 2354 563 2428 adgnati,
583 2355 632 2410 sed
646 2354 709 2410 alias
730 2353 849 2410 naturali
865 2355 924 2409 iure
939 2353 1057 2427 cognati.

88 2441 181 2512 itaque
204 2439 298 2494 amitae
318 2446 380 2494 tuae
401 2437 473 2496 iilius
489 2447 602 2495 nonest
623 2438 671 2495 tihi
693 2438 841 2512 adgnatus,
863 2437 910 2494 sed
926 2445 1059 2512 cognatus

89 2522 126 2594 (et
141 2523 259 2578 invicem
280 2522 383 2578 scilicet
405 2531 434 2578 tu
454 2522 493 2578 illi
515 2523 611 2579 eodem
631 2525 689 2578 iure
709 2521 910 2596 coniungeris),
933 2523 995 2595 quia
1013 2523 1059 2594 qui
1144 2533 1154 2541 ·

89 2615 250 2677 nascuntur,
265 2609 360 2680 patris,
376 2623 431 2664 uon
446 2609 538 2662 matris
554 2606 679 2678 familiam
694 2614 857 2680 sequuntur.
880 2605 958 2673 Quod
970 2613 1060 2661 autern
1078 2610 1093 2656 2

90 2691 132 2746 lex
155 2690 188 2746 ali
208 2691 337 2746 intestato
358 2699 436 2748 vocat
457 2691 489 2746 ad
511 2691 622 2748 tutelam
644 2690 793 2765 adgnatos,
816 2707 872 2746 non
893 2691 961 2745 hano
980 2688 1060 2744 habet

91 2773 331 2849 significationem,
347 2777 371 2830 si
386 2777 496 2831 omnino
512 2792 566 2831 non
582 2775 677 2831 iecerit
692 2782 883 2831 testamentum
901 2775 934 2844 is,
951 2773 997 2846 qui
1011 2789 1060 2845 po·

91 2867 161 2915 terat
175 2867 282 2914 tutores
298 2858 372 2931 dare,
388 2859 436 2915 sed
451 2861 474 2916 si
489 2867 619 2932 quantum
631 2859 663 2914 ad
678 2859 790 2915 tutelam
805 2859 934 2933 pertinet,
949 2859 1061 2912 intesta·

92 2951 135 2998 tus
156 2943 316 2999 decesserit.
349 2943 422 3016 quod
442 2951 508 3000 tunc
528 2960 638 3016 quoque
653 2944 773 3000 accidere
793 2943 978 3016 intellegitur,
1000 2959 1060 2998 curn

92 3029 131 3096 is,
155 3029 201 3100 qui
223 3027 301 3082 datus
324 3037 366 3084 est
387 3035 479 3099 tutor,
500 3029 560 3083 vivo
581 3035 713 3083 testatore
734 3027 890 3084 decesserit.
926 3021 997 3083 ³sed
1015 3025 1060 3082 ad·
1078 3040 1094 3085 3

94 3113 230 3184 gnationis
251 3112 360 3184 quidem
379 3114 423 3168 ius
439 3111 563 3168 omnibus
584 3111 671 3167 modis
687 3113 781 3186 eapitis
803 3111 988 3168 deminutione
1003 3111 1061 3184 ple·

163 3324 229 3388 ηε
241 3328 274 3378 n.
287 3329 311 3378 e.
329 3327 355 3376 o.
368 3327 401 3381 n.
421 3329 453 3377 ue
471 3333 568 3376 testare.
589 3333 636 3382 tut.
657 3324 714 3391 (ee,
732 3325 757 3389 e)
783 3307 825 3376 ω’
844 3326 902 3390 unp.
920 3326 938 3377 1.
958 3325 998 3374 15.
1017 3325 1059 3374 39.

97 3395 133 3443 ad
149 3393 208 3448 Sub.
295 3391 316 3457 ⁸)
334 3395 381 3448 Pe.
401 3395 425 3455 §-
444 3395 575 3446 1==6ae
595 3397 620 3455 1,
640 3397 698 3446 155.
718 3395 774 3444 166.
795 3395 827 3445 t.
847 3395 872 3444 7.
892 3393 924 3444 D.
943 3392 974 3440 de
993 3393 1060 3454 legit.

98 3475 155 3522 opu.
173 3469 219 3513 tut.
239 3461 290 3526 (26,
308 3459 345 3525 4).
419 3460 439 3525 ³)
452 3483 485 3504 =
500 3463 557 3512 Gai.
578 3467 602 3525 l,
622 3464 670 3513 158
689 3469 747 3513 mut.
