2486 3916
78 247 113 282 or:
133 244 334 282 usucnurours.
352 245 388 280 ur
407 209 495 280 norror
508 245 645 281 uouemus
660 243 874 282 rossuesroure.
887 231 925 295 11,
940 233 967 282 6.
1001 230 1044 294 49

78 375 185 444 utatur:
211 381 257 442 ¹in
277 403 366 460 coque
386 385 471 444 lundo
494 387 624 442 hactenus
646 389 670 442 ei
691 389 790 444 morari
811 387 889 460 licet,
911 395 942 443 ut
957 405 1047 462 neque

77 473 188 529 domiuo
205 471 283 528 fundi
298 471 430 527 molestus
451 473 590 546 sitneque
606 472 663 542 bis,
684 489 733 546 per
753 489 822 546 qnos
845 489 926 547 opera
945 475 1047 529 rustica

77 557 162 628 fiunt,
178 555 373 630 impedimento
388 557 438 611 sit:
453 572 504 612 nec
519 556 567 612 ulli
583 555 627 612 alii
641 556 699 626 ius,
722 555 795 630 quod
811 555 905 630 habet,
922 564 968 613 aut
983 574 1047 613 veu-

77 641 141 697 dcrc
157 649 204 696 aut
219 641 310 697 locare
325 647 372 695 aut
384 642 468 714 gratis
484 639 633 696 concedere
645 647 752 714 potest,
768 657 828 696 curn
840 642 874 712 is,
890 643 937 716 qui
952 658 1045 698 usum·

77 726 196 781 fructum
212 724 303 796 babet,
319 731 411 798 potest
426 726 492 781 baec
508 725 597 780 omnia
611 725 709 780 lacere.
743 723 810 780 Item
824 726 863 796 is,
880 727 927 800 qui
942 726 1047 782 aedium
1065 739 1080 786 2

78 827 157 866 usum
174 809 266 880 babet,
283 810 414 866 hactenus
430 810 497 864 iuris
513 808 611 866 babere
625 807 806 884 intellegitur,
822 817 854 865 ut
868 811 927 883 ipse
942 817 1048 868 tantum

79 893 197 965 habitet,
228 911 280 950 uec
304 894 419 950 hocius
440 893 473 950 ad
488 894 570 950 aliurn
597 892 742 950 transferre
756 901 864 968 potest:
894 901 922 950 et
942 896 986 950 vir
1005 912 1048 950 re·

77 985 186 1052 ceptum
201 977 324 1050 videtur,
351 985 383 1034 ut
407 978 542 1052 hospitem
564 979 589 1034 ei
608 979 729 1052 recipere
744 977 822 1035 liceat
843 985 870 1035 et
886 995 947 1034 cum
962 995 1047 1036 uxore

77 1079 126 1118 sua
140 1061 289 1135 liberisque
304 1064 377 1134 suis,
394 1065 458 1118 item
472 1061 576 1118 libertis
592 1077 644 1118 nec
658 1079 714 1118 uon
730 1062 788 1119 aliis
803 1062 895 1120 liberis
910 1065 1046 1136 personis,

77 1146 176 1221 quibus
192 1164 249 1204 non
265 1148 353 1203 miuus
370 1164 449 1220 quam
470 1148 555 1202 servis
578 1148 678 1218 utitur,
699 1146 835 1204 habitandi
850 1149 892 1204 ius
908 1147 1004 1204 habeat
1020 1157 1048 1204 et

76 1233 287 1303 convenienter,
312 1233 336 1288 si
361 1231 394 1287 ad
420 1231 560 1288 mulierem
586 1247 652 1288 usus
679 1231 784 1288 aedium
809 1234 959 1306 pertineat,
985 1249 1066 1292 cum.

61 1317 175 1372 ,marito
191 1315 311 1372 habitare
327 1309 371 1372 ei²
385 1315 474 1372 liceat.
511 1317 578 1372 ltem
599 1317 637 1388 is,
660 1315 693 1370 ad
714 1333 794 1390 quem
816 1318 886 1372 servi
902 1333 968 1373 usus
984 1334 1047 1390 per·
1065 1333 1080 1381 3

77 1403 167 1472 tinet,
185 1403 242 1474 ipse
257 1408 362 1458 tantum
378 1402 470 1474 operis
485 1408 566 1474 atque
587 1401 736 1456 ministerio
752 1401 809 1456 eius
826 1403 866 1456 uti
880 1408 987 1474 potest:
1013 1403 1047 1458 ad

76 1485 161 1540 alium
176 1501 237 1540 vero
252 1485 329 1541 nullo
345 1485 427 1540 modo
447 1487 490 1540 ius
511 1501 589 1540 suum
606 1484 753 1542 transferre
774 1487 798 1541 ei
819 1501 978 1542 concessum
993 1494 1044 1542 est.

75 1569 148 1626 idern
164 1569 267 1626 seilicet
281 1571 347 1626 iuris
363 1578 405 1626 est
420 1578 447 1626 et
462 1571 489 1625 in
504 1571 636 1626 iumento.
669 1567 722 1625 Sed
736 1569 760 1624 si
774 1571 883 1642 pecoris
899 1569 941 1625 vel
957 1571 1046 1626 ovium
1064 1585 1081 1634 4

76 1671 143 1710 usus
159 1653 275 1754 legatus
284 1655 367 1710 luerit
375 1669 489 1729 ,neque
504 1655 573 1710 lacte
588 1671 677 1728 neque
693 1655 770 1728 agnis
783 1671 872 1729 neque
883 1653 943 1710 lana
954 1662 1047 1711 utetur

76 1741 214 1810 usuarius,
231 1741 293 1812 quia
309 1757 339 1794 ea
354 1741 382 1795 in
397 1739 490 1795 fructu
504 1746 577 1795 sunt.
601 1739 680 1813 plane
691 1738 724 1796 ad
734 1739 940 1796 stercorandum
951 1756 1046 1811 agrum

79 1841 160 1880 suurn
176 1823 321 1923 pecoribus
338 1825 378 1880 uti
391 1831 493 1898 potest.

139 1907 195 1965 Sed
210 1910 233 1964 si
249 1911 292 1965 oui
307 1908 436 1967 habitatio
450 1909 538 1983 legata
559 1911 616 1965 sive
630 1909 721 1983 aliquo
737 1908 818 1965 modo
835 1911 984 1966 constituta
999 1875 1045 1982 sit,
1064 1917 1080 1966 o

76 2009 167 2067 neque
193 2010 259 2050 usus
287 1994 393 2050 videtur
416 2010 505 2066 neque
526 1993 714 2064 ususfructus,
740 1993 788 2050 sed
814 1995 890 2066 quasi
904 1996 1046 2066 proprium

76 2077 207 2151 aliquod
197 2095 251 2134 rus.
279 2095 358 2151 quam
368 2077 560 2134 habitationem
573 2076 733 2133 habentibus
746 2084 860 2150 propter
871 2093 962 2132 rerum
974 2077 1047 2132 utili·

76 2162 326 2220 tatem-secundum
336 2162 455 2220 Marcelli
465 2162 626 2218 sententiam
638 2168 733 2216 nostra
747 2152 905 2216 decisione³
926 2161 1047 2233 promul-

76 2255 140 2322 gata
154 2248 328 2322 permisimus
343 2263 399 2304 non
411 2246 501 2303 solum
512 2248 539 2302 iu
551 2263 582 2302 ea
594 2245 704 2320 degere,
716 2245 765 2302 sed
780 2245 858 2300 etiam
875 2244 932 2300 aliis
944 2243 1045 2302 locare.

139 2332 213 2388 Haec
228 2332 262 2388 de
282 2331 458 2390 servitutibus
484 2337 512 2388 et
538 2328 683 2388 usufructu
709 2337 736 2386 et
761 2347 814 2386 usu
839 2337 867 2384 et
881 2328 1080 2388 habitationeo

77 2417 177 2474 dixisse
193 2415 320 2473 sulliciat.
351 2416 385 2473 de
401 2416 550 2472 hereditate
565 2423 654 2472 autem
670 2423 698 2470 et
714 2414 747 2470 de
763 2413 973 2488 obligationibus
989 2417 1046 2472 suis

76 2503 143 2558 locis
160 2495 378 2576 proporremus.4
394 2533 432 2543 -
455 2499 635 2575 Exposuimns
656 2500 823 2572 summatim,
847 2499 1046 2574 quibusmodis

77 2588 134 2642 iure
151 2588 277 2662 gentium
291 2602 335 2642 res
352 2585 545 2660 adquiruntur:
566 2585 647 2642 modo
671 2584 824 2656 videamus,
845 2582 943 2658 quibus
959 2583 1046 2640 modis

77 2671 201 2746 legitimo
218 2679 245 2728 et
260 2671 332 2728 civili
346 2672 405 2726 iure
419 2671 609 2744 adquiruntur.

507 2866 564 2907 um.
576 2867 617 2907 VI.

92 2971 143 3023 DE
162 2969 459 3024 USUOAPIONIBUS
477 2971 526 3020 ET
542 2969 659 3021 LONGI
677 2967 862 3019 TEMPORIS
881 2967 1032 3020 POSSES-

475 3051 653 3105 SIONIBUS.

139 3180 201 3236 lure
216 3180 288 3236 civili
303 3180 483 3236 constitutum
495 3177 599 3248 iuerat,
616 3185 662 3248 ut,
680 3177 725 3250 qui
736 3174 808 3232 bona
822 3175 876 3232 lide
892 3176 923 3232 ab
940 3194 983 3248 eo,
1001 3177 1047 3250 qui
1064 3189 1098 3227 Pr.

77 3263 202 3320 domiuus
218 3281 275 3321 non
291 3271 364 3336 erat,
386 3279 448 3320 cum
468 3261 629 3338 crediderit,
651 3277 712 3317 eum
734 3261 873 3318 dominum
894 3278 970 3332 esse,
991 3276 1048 3315 rem

146 3394 265 3462 ¹.)==l,
288 3398 328 3448 11.
340 3396 372 3446 Ι).
394 3393 608 3445 deusuetbod.
628 3391 661 3455 (7,
674 3391 755 3454 8leoe
773 3392 964 3442 Gaiilmirer
978 3396 1047 3454 quot.

77 3461 98 3526 ²)
119 3464 233 3529 Theoplt.
254 3471 280 3514 et
297 3463 374 3527 infer.
394 3459 469 3514 codd.
488 3460 616 3512 habitare
636 3461 676 3510 ed
696 3459 746 3510 Kr.
816 3456 836 3519 3)
855 3459 888 3510 L.
909 3460 949 3508 13.
970 3457 996 3506 0.
1016 3459 1049 3507 de

77 3533 161 3594 asafr.
181 3539 208 3582 et
223 3531 302 3582 habia
322 3528 356 3596 (3,
375 3529 428 3593 33)
499 3526 519 3592 ⁴)
543 3527 653 3592 Theoph.
672 3539 855 3591 proponamus
874 3525 915 3576 ed.
934 3523 984 3576 Kr.

109 3629 274 3668 rvsursraur
292 3610 897 3668 monmutensi:
