2486 3916
243 207 285 274 36
522 222 559 258 nc
579 221 674 257 nuncu
694 221 841 258 nrvrsrorn
860 205 897 268 11,
917 208 939 260 1.

212 377 225 424 1
310 365 343 420 Et
359 363 467 439 quidem
483 364 597 420 naturali
612 366 671 420 iure
686 365 838 420 communia
852 367 917 419 sunt
932 363 1053 420 omnium
1069 363 1151 418 haec:
1171 380 1206 418 aer

246 458 275 508 et
290 467 358 524 aqua
373 449 513 524 prolluens
535 457 563 506 et
578 463 651 504 mare
667 455 695 504 et
709 465 759 521 per
779 449 831 505 boc
845 447 926 504 litora
940 449 1031 503 maris.
1069 461 1152 504 nemo
1167 449 1206 521 igi·

247 543 292 590 tur
307 534 340 589 ad
359 534 423 590 litus
445 535 526 589 maris
546 532 673 590 accedere
697 531 874 607 prohibetur,
899 531 963 587 dum
986 539 1075 588 tameu
1099 532 1168 588 villis
1186 543 1206 586 et

247 621 428 676 monumentis
444 626 472 676 et
486 616 613 674 aediliciis
624 617 767 690 abstineat,
783 617 845 692 quia
856 633 911 674 non
922 623 987 672 sunt
1001 618 1068 672 iuris
1081 620 1205 691 gentium.

212 705 317 760 tsicut
332 712 360 760 et
375 721 457 760 mare.
488 701 610 758 l'lumina
631 709 722 758 autem
742 702 831 757 omnia
851 709 879 760 et
899 707 997 775 portus
1011 700 1123 776 publica
1139 709 1205 757 suut:

246 788 363 862 ideoque
377 790 420 844 ius
435 786 555 861 piscandi
571 785 695 842 omnibus
711 801 853 843 commune
868 793 911 842 est
924 786 952 841 ln
963 779 1115 860 portibus¹
1132 786 1206 842 llumi·

212 882 228 930 3
247 873 390 947 nibusque.
427 871 475 928 Est
495 879 584 927 autem
606 869 671 927 litus
692 872 787 942 maris,
809 879 942 945 quatenus
963 870 1096 928 hibernus
1119 871 1206 928 lluctus

211 968 228 1015 4
247 959 376 1014 maximus
397 956 525 1012 excurrit.
557 947 703 1029 ²lliparum
724 971 834 1029 quoque
854 969 921 1010 usus
940 953 1066 1029 publicus
1089 965 1134 1012 est
1153 957 1206 1011 iuris

246 1043 385 1118 gentium,
400 1042 471 1097 sicut
486 1041 572 1114 ipsius
587 1038 718 1096 fluminis:
737 1042 829 1114 itaque
844 1055 938 1096 navem
957 1037 989 1095 ad
1006 1055 1050 1096 cas
1065 1040 1206 1114 appellere.

246 1125 324 1180 funes
340 1142 373 1180 er
388 1123 529 1182 arboribus
544 1123 580 1180 ibi
594 1126 664 1180 natis
678 1125 812 1199 religare,
833 1141 902 1181 onus
918 1123 1018 1198 aliquid
1033 1127 1061 1180 in
1078 1125 1124 1181 his
1139 1142 1207 1198 repo·

245 1225 310 1266 nere
332 1209 442 1266 cuilibet
464 1208 578 1265 liberum
599 1217 657 1281 est,
678 1211 758 1265 sicuti
778 1225 829 1283 per
849 1209 938 1284 ipsum
959 1207 1061 1265 {lumen
1078 1213 1206 1284 navigare.

245 1293 293 1350 sed
313 1295 466 1369 proprietas
487 1309 579 1350 earum
599 1293 708 1349 illorum
730 1301 787 1364 est,
814 1309 929 1368 quorum
950 1292 1066 1368 praediis
1089 1295 1207 1350 haerent:

245 1395 298 1453 qua
313 1378 347 1435 de
362 1395 441 1436 causa
457 1377 567 1436 arbores
588 1395 699 1452 quoquc
719 1380 746 1434 in
767 1377 861 1433 iisdem
876 1385 953 1434 natae
974 1378 1128 1435 eorundem
1143 1387 1207 1434 suut.

213 1467 229 1516 5
246 1462 369 1520 litorum
385 1479 495 1538 quoque
510 1480 576 1519 usus
592 1463 715 1538 publicus
735 1464 802 1518 iuris
817 1464 940 1538 gentium
956 1471 1014 1534 est,
1036 1465 1111 1519 sicut
1132 1465 1207 1537 ipsius

247 1550 340 1605 maris:
364 1557 392 1605 et
414 1547 448 1604 ob
470 1548 497 1604 id
519 1547 684 1622 quibuslibet
705 1547 820 1603 liberum
836 1555 894 1619 est,
910 1563 996 1605 casam
1011 1545 1048 1603 ibi
1062 1548 1208 1622 imponere.

246 1635 341 1706 inqua
362 1651 391 1688 se
407 1635 553 1707 recipiant,
574 1635 644 1688 sicut
663 1634 731 1688 retia
751 1634 852 1688 siccare
873 1641 901 1688 et
921 1649 954 1688 ea
974 1647 1047 1687 mare
1068 1631 1208 1688 deducere.
1227 1617 1228 1632 ¹

245 1717 398 1790 proprietas
414 1725 503 1773 autem
519 1733 615 1774 eorum
629 1723 722 1790 potest
736 1715 859 1791 intellegi
875 1716 974 1774 nullius
990 1731 1062 1787 esse,
1078 1717 1128 1772 sed
1143 1718 1208 1772 eius-

245 1800 306 1856 dem
322 1801 388 1856 iuris
405 1819 476 1873 esse,
491 1803 567 1858 cuius
584 1809 611 1856 et
626 1818 698 1857 mare
714 1809 741 1856 et
754 1818 822 1875 quae
837 1801 976 1858 subiacent
991 1803 1067 1874 mari,
1085 1809 1157 1858 terra
1171 1803 1209 1857 vel

245 1885 353 1942 harena.

212 1991 228 2040 5
311 1961 515 2027 ³Universitatis
531 1979 610 2043 sunt,
627 1987 682 2026 uon
697 1970 878 2044 singulorum,
895 1970 978 2026 veluti
994 1987 1062 2044 quae
1078 1971 1109 2026 in
1124 1973 1210 2026 civita·

246 2054 317 2112 tibus
333 2065 397 2112 sunt
413 2049 551 2128 ⁴theatra,
573 2055 658 2112 stadia
679 2064 706 2112 et
726 2054 823 2111 similia
837 2063 865 2112 et
880 2057 902 2110 si
923 2071 975 2128 qua
996 2055 1046 2110 alia
1060 2064 1127 2111 sunt
1142 2073 1210 2112 conr·

245 2142 335 2197 munia
349 2142 504 2197 civitatium.

212 2244 227 2291 7
309 2224 413 2280 Nullius
430 2233 520 2280 autern
533 2233 597 2280 sunt
612 2241 655 2280 res
667 2239 758 2280 sacrae
770 2231 797 2280 et
809 2223 952 2298 religiosae
963 2231 990 2280 et
1001 2231 1126 2280 sanctae.
1143 2225 1212 2298 quod
1226 2195 1227 2262 l

211 2311 227 2360 8
246 2309 317 2363 enirn
333 2307 436 2364 divini'
429 2311 495 2363 ruris
512 2317 564 2379 est,
579 2309 606 2364 id
623 2307 745 2364 nullius
738 2325 765 2366 in
780 2307 859 2364 bonis
876 2317 926 2364 est.
958 2307 1037 2364 Sacra
1053 2318 1131 2379 sunt,
1149 2327 1212 2382 quae

245 2392 297 2446 rite
312 2399 339 2446 et
354 2407 404 2464 per
417 2389 560 2464 pontifices
577 2393 631 2448 lieo
648 2400 805 2449 consecrata
819 2402 899 2464 sunt,
920 2391 1004 2448 veluti
1024 2392 1106 2449 aedes
1123 2410 1212 2449 sacrae

245 2483 273 2532 et
288 2475 369 2546 dona,
385 2491 453 2549 quae
468 2477 520 2532 rito
536 2475 568 2532 ad
580 2478 758 2533 ministerium
770 2477 816 2533 ttei
828 2476 948 2534 dedicata
962 2485 1037 2549 sunt,
1054 2493 1124 2552 quae
1136 2481 1213 2534 ctiam

244 2577 294 2635 per
308 2567 428 2616 nostram
444 2555 687 2618 constitutionem⁵
710 2562 820 2618 alienari
841 2570 868 2618 et
883 2561 997 2636 obligari
1012 2561 1212 2635 prohibuimus,

245 2653 357 2718 excepta
372 2661 451 2700 causa
472 2645 665 2720 redemptionis
686 2647 861 2721 captivorum.
890 2648 914 2701 si
934 2647 994 2720 quis
1014 2663 1081 2702 vero
1097 2649 1215 2703 auctori-

247 2739 300 2786 tate
315 2747 364 2785 sua
379 2731 456 2803 quasi
477 2747 581 2786 sacrum
602 2730 653 2787 sibi
673 2731 861 2802 constituerit,
881 2747 988 2787 sacrum
1008 2747 1065 2787 nou
1088 2739 1148 2804 est,
1171 2731 1226 2800 sed

245 2813 399 2893 profanum.
436 2815 514 2871 locus
529 2823 634 2887 autem,
655 2817 682 2872 in
699 2832 753 2889 quo
769 2831 859 2872 sacrae
873 2815 952 2872 aedes
968 2813 1124 2872 aedificatae
1142 2826 1214 2872 sunt.

245 2899 324 2954 etiam
346 2897 437 2955 diruto
460 2897 596 2973 aedilicio,
622 2899 710 2956 adhuc
729 2917 805 2956 sacer
825 2908 930 2971 manet,
953 2908 982 2956 ut
1003 2907 1031 2956 et
1050 2898 1214 2974 Papinianus

212 2983 363 3056 ascripsit.
394 2976 580 3060 elleligiosum
600 2985 690 3042 locum
713 2985 899 3059 unusquisque
919 3001 967 3040 sua
983 2983 1126 3040 voluntate
1144 2985 1214 3054 lacit,

315 3163 334 3227 ¹)
351 3167 455 3230 tampsi.
475 3159 567 3231 nuptm
587 3167 700 3232 Tloeopb.
723 3171 804 3232 portu
822 3168 898 3218 codd.
917 3167 976 3216 edd.
1064 3163 1085 3227 ²)
1102 3167 1215 3229 fere
1186 3187 1215 3196 -

246 3232 278 3280 L
297 3235 325 3281 2
343 3233 376 3280 D
395 3234 496 3284 dedic.
514 3249 568 3286 rer.
588 3235 623 3298 (l,
636 3233 920 3297 8ieaeGaiil.2.rer
938 3241 1006 3299 quot.
1059 3231 1214 3299 ³)=-.L..6

245 3300 269 3360 5.
289 3301 376 3349 linit.
395 3302 429 3350 D.
453 3303 486 3351 dc
504 3304 554 3353 dio.
576 3319 631 3353 rer.
655 3300 689 3367 (i,
708 3301 734 3364 8)
757 3317 793 3352 ex
815 3301 983 3353 Marcianil
1003 3303 1119 3353 disistit.
1195 3293 1225 3366 Ὗ

245 3371 276 3415 ut
293 3368 391 3417 addunt
413 3370 489 3419 codd
516 3371 574 3421 edd
598 3369 673 3420 Scir.
698 3377 723 3418 et
740 3369 790 3422 Kr.
817 3375 939 3434 lpnoroni
966 3369 1079 3434 chopd
1107 3378 1135 3420 et
1161 3373 1215 3434 Dip

246 3432 318 3494 lL.
337 3435 427 3487 21.0.
446 3438 478 3488 de
495 3453 595 3488 sacros
615 3441 677 3487 cccl.
696 3438 730 3500 (l,
750 3432 787 3502 2).
856 3435 988 3501 ⁰)portim
1006 3457 1040 3480 a·
1057 3438 1092 3488 L.
1106 3439 1133 3490 6.
1155 3440 1215 3500 54.

247 3501 279 3553 D.
299 3503 331 3552 de
349 3505 399 3555 dio.
418 3520 472 3557 rer.
493 3502 529 3571 (1,
548 3503 574 3567 8)
593 3521 628 3556 ex
646 3503 731 3557 Marc.
751 3506 767 3553 l.
787 3519 809 3554 o.
