2486 3916
204 200 261 238 ens
278 201 352 248 cuns
373 202 515 244 rsusouas
534 203 618 244 sonrs
637 203 815 247 nnournmus
832 190 870 252 11,
889 193 914 241 9.
1010 189 1051 254 57

76 345 209 416 solvunt,
230 361 286 401 rron
308 343 339 400 lit
358 346 529 420 accipientis,
551 360 612 400 cum
632 345 735 404 scilicet
756 345 858 402 nullius
873 348 914 402 rei
929 347 1053 404 alienatio

76 431 118 486 eis
133 431 195 486 sine
210 431 311 486 tutoris
326 431 486 486 auctoritate
501 446 630 486 concessa
645 438 709 486 est.'

508 625 566 666 TIT.
585 626 626 667 tx.

175 728 249 779 PER
267 726 362 791 Quas
380 727 570 780 PnRsouas
588 727 698 780 NOBIS
716 725 958 794 ADQUIRITUR.

145 843 325 924 1Adquiritur
338 850 417 907 uobis
431 867 486 908 non
501 851 591 907 solum
605 868 655 926 per
668 859 776 908 nosmet
796 853 888 925 ipsos,
908 852 956 908 sed
972 855 1051 912 etiam
1069 868 1104 910 er.

76 951 210 1010 percos,
232 951 302 1009 quos
317 937 344 991 in
365 942 503 1008 potestate
518 935 662 992 habemus:
685 937 751 992 item
765 952 816 1010 per
830 953 877 992 eos
893 953 1004 1008 servos,
1025 939 1054 993 in

77 1019 178 1094 quibus
199 1018 399 1076 usumfructum
419 1019 562 1076 babemus:
587 1021 653 1076 item
678 1037 728 1094 per
750 1020 874 1078 homines
900 1020 999 1078 liberos
1025 1029 1054 1078 et

76 1121 173 1160 servos
189 1104 308 1176 alienos,
324 1120 393 1178 quos
409 1103 547 1160 bonafide
561 1104 743 1178 possidemus.
775 1104 808 1160 de
824 1104 922 1179 quibus
937 1107 1052 1181 singulis

77 1189 239 1263 diligentius
260 1188 441 1262 dispiciamus.
482 1189 570 1264 Igitur
589 1187 668 1244 liberi
689 1190 773 1245 vestri
794 1191 938 1264 utriusque
959 1207 1052 1262 sexus,
1071 1199 1085 1246 1

78 1289 150 1346 quos
165 1274 194 1329 in
209 1279 349 1346 potestate
364 1271 483 1344 habetis,
506 1273 570 1330 olim
586 1273 711 1350 quidem,
734 1274 865 1347 quidquid
878 1275 911 1330 ad
927 1293 974 1331 eos
990 1291 1053 1350 per-

76 1365 192 1413 venerat
206 1356 338 1432 (exceptis
354 1357 479 1414 videlicet
499 1354 682 1414 castrensibus
703 1357 845 1432 peculiis),
866 1359 919 1416 hoe
933 1363 1052 1432 parenti-

77 1441 133 1496 bus
145 1442 201 1497 suis
211 1441 387 1515 adquirebant
401 1442 461 1498 siue
477 1442 531 1498 ulla
541 1441 730 1498 distinctione:
746 1451 774 1498 et
789 1443 842 1498 hoc
856 1444 894 1498 ita
908 1451 1052 1516 parentum

77 1524 179 1596 fiebat,
201 1535 230 1582 ut
245 1533 319 1582 esset
333 1528 372 1582 eis
387 1526 512 1597 licentia,
534 1525 608 1600 quod
629 1543 679 1600 per
694 1543 777 1582 unum
792 1527 835 1582 vel
855 1543 935 1584 unam
957 1543 1051 1584 eorum

77 1611 245 1684 adquisitum
261 1619 317 1682 est,
339 1611 383 1667 alii
404 1604 480 1667 filio²
500 1611 543 1666 vel
558 1617 687 1667 extraneo
703 1610 805 1666 donare
820 1611 862 1667 vel
877 1611 994 1668 vendere
1009 1612 1052 1670 vel

77 1711 254 1769 quocumque
269 1695 350 1752 modo
366 1696 519 1766 voluerant,
535 1695 676 1770 applicare.
699 1695 772 1769 quod
784 1693 862 1752 nobis
876 1696 1054 1754 inhumanum

76 1781 166 1836 visum
187 1786 271 1836 estet
286 1779 407 1854 generali
428 1773 643 1837 constitutione³
664 1782 761 1836 emissa
776 1787 805 1836 et
818 1779 910 1836 liberis
931 1783 1053 1855 peperci·

77 1881 137 1920 mus
154 1872 182 1920 et
197 1863 320 1937 patribus
335 1863 456 1920 debitum
469 1865 673 1920 reservavimus.
710 1865 843 1920 sancitum
857 1867 958 1921 etenim
974 1883 988 1921 a
1003 1883 1052 1922 no·

76 1947 117 2004 bis
134 1956 193 2020 est,
211 1955 257 2018 ut,
279 1950 303 2004 si
324 1949 389 2022 quid
410 1965 442 2005 ex
463 1966 492 2006 re
513 1950 597 2022 patris
620 1950 645 2005 ei
666 1949 808 2020 obveniat,
828 1949 882 2006 hoc
902 1951 1052 2006 secundum

78 2035 218 2108 antiquam
239 2031 455 2090 observationem
483 2041 570 2090 totum
595 2034 702 2108 parenti
727 2033 850 2106 adquirat
875 2031 955 2106 (quae
980 2036 1052 2090 enim

32 2169 37 2176 .
77 2118 176 2174 invidia
198 2124 257 2187 cst,
278 2118 352 2190 quod
374 2133 407 2173 eu
427 2119 512 2192 patris
533 2119 675 2187 occasione
695 2117 848 2190 proiectum
870 2124 928 2188 est,
949 2118 1002 2172 hoc
1018 2118 1051 2172 ad

78 2219 139 2258 eum
155 2205 257 2258 reverti
264 2199 301 2275 ?):
323 2203 397 2276 quod
419 2210 508 2258 autem
524 2218 557 2257 ex
578 2202 628 2258 alia
643 2217 723 2256 causa
738 2200 788 2256 sibi
804 2198 990 2256 filiusfamilias
1006 2201 1052 2256 ad·

78 2288 199 2361 quisivit,
216 2286 297 2343 huius
308 2287 508 2344 usumfructum
523 2285 633 2360 quidem
647 2287 718 2360 patri
732 2285 856 2358 adquirat
863 2277 887 2356 ‚4
902 2284 1052 2342 dominium

78 2380 169 2428 autem
190 2371 263 2446 apud
285 2387 347 2427 eum
367 2379 520 2442 remaneat,
546 2388 596 2442 ne,
621 2369 696 2445 quod
722 2371 747 2426 ei
766 2370 823 2425 suis
849 2369 987 2426 laboribus
1008 2371 1052 2427 vel

78 2471 211 2530 prospera
224 2455 336 2512 fortuna
350 2457 480 2529 accessit,
495 2457 549 2512 boc
563 2457 591 2511 in
606 2455 688 2510 alium
702 2455 878 2528 perveniens,
893 2454 1051 2512 luctuosum

78 2542 101 2596 ei
120 2541 264 2615 procedat.
301 2539 414 2614 Hocque
434 2539 541 2596 anobis
562 2539 724 2614 dispositum
745 2547 787 2594 est
808 2546 836 2594 et
855 2541 884 2596 in
899 2556 930 2595 ea
950 2541 1085 2613 specie,2

80 2624 122 2681 ubi
137 2641 238 2700 parens
254 2625 446 2700 emancipando
462 2624 576 2680 liberum
597 2641 630 2679 eu
644 2623 742 2695 rebus,
758 2639 828 2696 quae
842 2624 1052 2697 adquisitionem

79 2709 230 2785 effugiunt,
250 2707 302 2765 sibi
322 2717 426 2784 partem
441 2711 547 2766 tertiam
563 2709 698 2779 retinere,
719 2709 743 2764 si
757 2707 895 2778 voluerat,
916 2707 1051 2763 licentiam

80 2810 111 2848 ex
125 2793 309 2850 anterioribus
321 2792 563 2850 constitutionibus
574 2791 710 2864 babebat,
726 2793 802 2866 quasi
816 2809 867 2866 pro
882 2793 970 2865 pretio
983 2808 1052 2865 quo·

81 2876 222 2935 dammodo
246 2880 484 2954 emancipationis,
505 2885 533 2934 et
547 2879 723 2933 inhumanum
738 2870 885 2950 quiddam⁵
905 2875 1052 2949 accidebat,

80 2970 109 3017 ut
123 2961 195 3020 lilius
211 2979 303 3020 rerum
318 2980 428 3020 suarum
441 2979 474 3020 es
489 2963 538 3019 hac
547 2962 759 3036 emancipatione
774 2961 894 3018 dominio
909 2978 960 3036 pro
975 2969 1052 3036 parte

147 3213 167 3278 ¹)
183 3215 284 3279 [ατε
292 3214 348 3266 Gai.
360 3216 384 3272 2,
395 3215 437 3264 86.
447 3215 489 3264 87.
500 3212 533 3262 L.
545 3228 588 3276 pr.
599 3213 639 3262 10.
652 3212 688 3260 D.
698 3211 731 3261 de
743 3225 800 3275 aeq.
809 3227 863 3262 rer.
875 3213 940 3264 dom.
953 3211 1003 3274 (41,
1016 3209 1051 3272 l).

24 3287 25 3316 ³
81 3276 100 3339 ²)
122 3279 173 3331 Wb
200 3273 290 3350 ἑτέρῳ
309 3281 398 3332 παιδί
432 3281 550 3344 Tbeopb,
572 3279 629 3329 filio
660 3295 707 3330 om.
741 3279 787 3330 alii
812 3281 887 3330 codd.
913 3285 963 3329 oet.
990 3279 1049 3330 edd.

23 3369 26 3412 ¹.
81 3347 152 3398 Scltr.
171 3357 197 3400 et
214 3350 267 3400 Kr.
355 3347 377 3414 ³)
396 3349 430 3399 L.
449 3351 474 3399 6.
495 3347 523 3401 0.
542 3349 575 3398 de
601 3346 681 3404 bonis
700 3363 765 3412 quae
791 3347 834 3398 tto.
852 3346 887 3411 (6,
906 3343 960 3442 612.
1029 3342 1050 3406 ⁴)

24 3425 25 3430 ’
85 3414 195 3482 l'beopb.
215 3419 292 3469 codd.
319 3418 398 3481 infer.
425 3416 553 3482 adquiret
576 3416 651 3466 cedd.
670 3420 720 3465 oet.
739 3417 779 3466 ed.
798 3413 849 3466 Kr.
948 3411 1050 3474 lcodd.

80 3484 155 3546 inser.
174 3486 241 3550 quid
258 3487 298 3536 vel
317 3485 427 3550 quidem
445 3491 494 3535 aet.
514 3482 579 3548 quid
597 3484 631 3532 ed
647 3481 701 3531 Kr.
