2486 3916
266 194 301 228 nn
321 193 462 230 susurrus
479 193 671 230 unenuuounu
690 193 801 230 aurunt
819 181 842 244 1,
864 181 903 232 15.
1027 176 1068 242 23

96 342 191 392 mento
208 333 286 390 datus
303 342 380 390 tutor
394 336 462 406 erit,
484 351 544 391 cum
558 351 669 409 compos
685 338 783 406 mentis
805 343 853 392 aut
873 337 958 392 maior
973 337 1069 409 viginti

97 421 220 493 quinque
235 420 312 474 annis
328 419 411 475 inerit
425 419 522 476 lactus.

163 503 203 558 Ad
219 511 324 560 certum
340 511 446 576 tempus
458 504 501 560 vel
516 521 548 562 en
564 511 639 561 certo
655 513 779 578 tempore
789 504 832 562 vel
846 503 897 560 sub
909 504 1069 560 condicione
1087 522 1102 567 3

97 589 141 644 vel
161 595 225 643 ante
241 587 348 644 heredis
369 589 567 645 institutionem
582 605 665 662 posse
680 589 737 644 dari
755 597 876 644 tutorem
892 605 947 645 non
964 587 1069 644 dubita·

97 681 153 728 tur.
185 669 280 728 Certae
296 679 384 728 autem
400 674 440 728 rei
454 673 497 728 vel
512 689 608 728 causae
622 681 699 729 tutor
714 671 770 730 dari
785 689 841 732 non
856 680 965 747 potest,
989 666 1069 746 ¹quia
1087 673 1103 720 4

97 773 249 831 personae,
265 772 320 812 non
335 772 431 812 causae
445 757 488 812 vel
502 758 542 812 rei
558 757 645 813 datur.

164 835 212 896 ¹Si
228 842 287 914 quis
303 839 408 896 filiabus
421 842 476 896 suis
489 841 532 897 vel
547 840 608 898 filiis
625 850 730 898 tutores
743 841 864 913 dederit,
880 842 959 896 etiam
974 849 1070 914 postu·
1088 841 1103 888 5

97 941 158 980 rnae
171 925 213 980 vel
228 923 356 998 postumo
368 923 475 981 videtur
488 925 604 998 dedisse,
620 927 682 999 quia
694 924 742 982 filii
752 926 795 982 vel
811 924 880 982 lillae
890 925 1070 1000 appellatione

98 1018 134 1086 et·
148 1017 293 1084 postumus
314 1017 342 1064 et
361 1017 487 1084 postuma
506 1012 691 1066 continentur.
728 1009 809 1084 quid,
831 1011 855 1066 si
875 1018 989 1083 nepotes
1005 1009 1069 1079 sint,

98 1111 131 1149 an
148 1093 331 1167 appellatione
351 1092 468 1149 liliorum
485 1101 513 1149 et
533 1096 598 1168 ipsis
620 1103 725 1150 tutores
747 1094 802 1149 dati
824 1093 906 1150 sunt?
927 1093 1069 1148 dicendum

98 1186 157 1248 est,
174 1187 205 1233 ut
220 1179 287 1251 ipsis
303 1194 413 1251 quoque
428 1177 484 1233 dati
498 1178 650 1251 videantur,
666 1177 787 1236 simodo
803 1177 904 1234 liberos
920 1177 995 1233 dixit.
1027 1194 1070 1233 ce·

96 1270 189 1318 terum
205 1263 228 1318 si
243 1259 329 1332 filios,
353 1279 408 1317 non
424 1262 648 1320 continebuntur:
669 1263 747 1319 aliter
762 1264 831 1318 enim
848 1261 910 1333 filii,
931 1261 1009 1318 aliter
1024 1277 1069 1318 ne·

97 1353 181 1420 potes
197 1345 375 1420 appellantur.
402 1346 481 1420 plane
495 1349 518 1402 si
533 1349 667 1420 postumis
683 1347 803 1418 dederit,
819 1355 872 1402 tam
889 1344 935 1402 filii
951 1347 1070 1419 postumi

100 1447 184 1503 11111111
198 1432 280 1488 ceteri
295 1429 372 1486 liberi
388 1430 609 1487 continebuntur.

524 1627 581 1668 um
594 1627 644 1668 XV.

232 1729 281 1779 DE
299 1729 482 1780 LEGITIMA
503 1729 763 1781 ADGNATORUM
781 1729 937 1780 TUTELA.

166 1844 287 1918 ²Quilrus
303 1860 392 1907 autem
407 1860 570 1908 testamento
586 1859 662 1908 tutor
677 1853 756 1908 datus
771 1869 827 1908 uon
838 1853 889 1924 sit,
905 1851 948 1907 his
960 1867 992 1906 eu
1007 1851 1068 1926 lege
1087 1873 1120 1912 er.

99 1935 245 1992 duodecim
267 1935 417 1992 tabularum
437 1935 546 2010 adgnati
566 1945 631 1992 sunt
647 1944 767 2008 tutores,
791 1938 837 2010 qui
852 1944 984 1992 vocantur
1003 1934 1070 2009 legi·

98 2021 169 2076 timi.
201 2019 270 2075 Sunt
285 2028 373 2076 autem
396 2020 506 2094 adgnati
525 2037 574 2094 per
589 2021 672 2078 virilis
694 2037 774 2076 sexus
797 2021 988 2094 cognationem
1006 2035 1070 2074 eon·
1090 2029 1103 2074 1

100 2105 205 2175 iuncti,
226 2105 303 2177 quasi
318 2113 424 2178 epatre
439 2106 564 2179 cognati,
580 2105 664 2160 veluti
679 2103 763 2160 irater
778 2103 873 2160 eodem
888 2112 964 2176 patre
980 2109 1070 2172 natus,

101 2189 194 2244 fratris
216 2185 287 2244 iilius
310 2205 430 2262 neposve
445 2205 478 2244 ex
493 2204 543 2260 eo,
564 2190 630 2244 item
650 2197 763 2262 patruus
780 2194 806 2242 et
828 2188 916 2259 patrui
936 2185 1071 2242 1111111111-

100 2286 187 2346 posve
203 2289 235 2328 en
251 2289 294 2328 ec.
331 2280 358 2328 at
379 2273 425 2346 qui
445 2289 494 2346 per
515 2272 636 2328 feminini
657 2289 738 2328 sexus
759 2287 889 2345 personas
908 2271 1071 2344 cognatione

100 2359 270 2430 iunguntur,
292 2373 348 2412 non
370 2365 434 2413 sunt
448 2357 575 2431 adgnati,
596 2357 644 2412 sed
659 2356 722 2412 alias
743 2355 861 2412 naturali
878 2357 936 2410 iure
952 2355 1069 2428 cognati.

101 2443 195 2514 itaque
216 2442 311 2496 amitae
330 2449 393 2497 tuae
414 2439 485 2498 filius
501 2458 557 2496 non
573 2451 615 2497 est
636 2441 683 2496 tibi
705 2441 854 2515 adgnatus,
875 2439 923 2496 sed
939 2446 1071 2514 cognatus

102 2525 142 2597 (et
158 2525 272 2581 invicem
293 2524 396 2581 seilicet
417 2533 447 2581 tu
467 2524 506 2581 illi
528 2525 624 2582 eodem
643 2527 702 2580 iure
722 2523 923 2598 coniungens),
946 2524 1007 2597 quia
1026 2524 1072 2596 qui
1157 2535 1167 2543 ·

102 2618 262 2680 nascuntur,
278 2611 372 2682 patris,
389 2626 444 2665 uon
459 2611 551 2666 matris
566 2609 692 2680 familiam
707 2617 869 2682 sequuntur.
893 2606 971 2674 Quod
983 2614 1072 2662 autem
1090 2611 1105 2658 2

102 2695 147 2750 lex
168 2693 201 2749 ab
220 2694 350 2749 intestato
371 2701 449 2750 vocat
470 2693 502 2748 ad
524 2693 634 2749 tutelam
657 2693 806 2767 adgnatos,
829 2709 885 2748 non
906 2692 973 2746 hanc
993 2689 1073 2746 habet

103 2776 344 2853 significationem,
360 2779 383 2834 si
399 2779 508 2833 omnino
524 2794 579 2834 non
595 2777 690 2833 iecerit
704 2783 895 2832 testamentum
913 2777 947 2846 is,
963 2775 1010 2848 qui
1024 2791 1073 2846 po·

103 2871 174 2918 terat
188 2869 295 2918 tutores
311 2861 385 2934 dare,
401 2861 449 2918 sed
464 2863 487 2917 si
502 2869 631 2936 quantum
643 2861 676 2916 ad
691 2861 802 2916 tutelam
817 2861 947 2934 pertinet,
962 2860 1074 2914 intesta·

102 2955 149 3002 tus
169 2945 329 3002 decesserit.
361 2945 435 3020 quod
455 2954 521 3002 tuuc
541 2962 650 3019 quoque
666 2945 785 3002 accidere
805 2944 991 3018 intellegitur,
1013 2960 1073 2999 curn

103 3033 143 3100 is,
168 3032 214 3103 qui
236 3029 314 3085 datus
336 3039 379 3086 est
400 3038 492 3102 tutor,
513 3031 572 3086 vivo
593 3029 903 3086 testatoredecesserit.
939 3022 1073 3084 38111111-
1092 3041 1107 3087 3

104 3116 242 3190 gnationis
264 3115 373 3186 quidem
393 3116 436 3170 ius
452 3113 576 3170 omnibus
597 3113 683 3170 modis
700 3115 794 3188 capitis
815 3113 1001 3170 deminutione
1016 3112 1074 3185 ple·

174 3327 286 3392 ¹r=e
299 3331 323 3380 5.
342 3329 414 3383 1.]1.
433 3331 466 3380 ae
484 3335 581 3378 tertam
602 3335 648 3383 111,
669 3325 726 3392 (aa.
745 3325 770 3390 1)
796 3309 838 3378 ea'
856 3328 915 3392 unp.
933 3328 951 3379 1.
971 3327 1011 3375 15.
1030 3327 1072 3376 aa.

105 3399 143 3448 ael
159 3397 221 3450 Sub.
308 3394 329 3460 ²)
347 3397 394 3450 Pr.
414 3397 438 3458 §-
457 3397 518 3446 1=
532 3397 588 3446 Gai.
607 3399 633 3457 1,
652 3397 710 3447 155.
730 3396 787 3445 156.
808 3396 840 3446 L.
860 3397 884 3445 7.
905 3395 937 3446 D.
956 3394 987 3442 de
1006 3395 1074 3456 legit.

105 3481 165 3529 agn.
185 3471 232 3516 tut.
252 3464 302 3528 (26,
321 3461 358 3528 4).
431 3462 452 3527 ³)
464 3485 498 3506 =
513 3464 569 3514 (roi.
591 3469 614 3526 1,
634 3465 683 3514 158
701 3470 760 3515 111111.
