2486 3916
275 241 311 276 un
329 241 567 278 nxnrnensmoua
587 243 753 280 nrsnuonuu
772 231 810 295 11,
831 233 871 284 te.
1018 233 1058 297 67

81 385 135 453 sit,
159 384 221 455 quio
241 382 345 439 scilicet
366 381 399 438 ab
418 384 495 440 initio
517 400 573 440 non
594 387 748 442 constiterit
769 395 969 446 testamentum.
1008 392 1058 448 sod

80 483 140 522 non
156 468 193 522 ita
209 466 242 524 de
257 465 363 523 filiabus
383 467 427 524 vel
446 467 504 524 eliis
526 485 576 542 per
590 469 695 526 virilem
716 487 809 526 sexum
831 472 1057 532 descendentibus

79 550 176 608 liberis
197 553 341 625 utriusque
360 567 441 608 serus
462 551 552 609 iuerat
573 555 727 627 antiquitati
748 553 934 614 observatum:
965 559 1014 616 sed
1034 561 1057 616 si

79 652 139 692 non
160 635 278 692 fuerant.
290 636 405 692 heredes
425 638 520 710 scripti
540 639 690 712 scriptaeve
704 638 747 694 vel
768 641 924 698 exheredati
944 643 1057 701 exhere-

79 721 211 792 demere,
232 727 425 777 testamentum
440 721 550 796 quidem
564 739 620 779 non
634 721 833 797 infirmabatur,
849 727 891 782 ius
907 735 995 784 autem
1012 729 1057 785 ad·

78 805 224 862 crescendi
239 806 277 861 eis
293 805 325 861 ad
341 813 440 862 certam
455 807 609 880 portionem
624 807 821 881 praestabatur.
851 811 898 866 sed
910 828 960 868 nee
970 814 1057 869 nomi·

77 891 233 945 netimeas
259 906 389 964 personas
412 890 576 948 exheredare
598 890 755 966 parentibus
776 909 888 951 necesse
908 904 982 968 erat,
1008 896 1056 952 sed

77 972 180 1030 licebat
197 981 224 1030 et
238 975 311 1030 inter
325 981 432 1031 ceteros
447 975 501 1031 boc
515 975 612 1033 facere.
646 970 824 1034 ¹Nominatim
840 985 929 1036 autem
945 980 1056 1036 exhere·
1075 985 1089 1030 1

78 1058 139 1114 dari
162 1059 223 1133 quis
244 1058 367 1131 videtur,
388 1060 444 1115 sive
464 1060 502 1116 ita
522 1061 704 1118 exheredetur
723 1062 830 1121 Trerus
851 1079 1055 1124 emme-mnus

77 1157 226 1201 emens
247 1159 343 1216 esso,
369 1144 426 1200 sive
446 1145 483 1200 ita
502 1161 607 1204 murus
628 1163 711 1205 rmus
734 1163 877 1206 nxnnnns
898 1165 978 1208 nero
999 1165 1055 1205 non

77 1227 187 1284 adiecto
217 1229 330 1302 proprio
360 1229 485 1300 nomine,
514 1229 618 1286 seilicet
647 1232 671 1286 si
696 1231 764 1288 alius
790 1230 863 1290 tilius
888 1250 944 1290 non
969 1241 1053 1290 estet.

78 1305 223 1386 ²postumi
238 1327 348 1386 quoque
368 1311 446 1369 liberi
461 1313 504 1369 vel
518 1313 633 1371 heredes
648 1317 756 1372 institui
770 1315 871 1372 debent
885 1317 928 1374 vel
943 1319 1055 1374 exhere-

78 1397 150 1454 dari.
178 1404 206 1452 et
216 1398 244 1453 in
257 1413 290 1453 eo
302 1414 351 1470 par
362 1399 482 1454 omnium
493 1398 616 1455 condicio
627 1407 680 1471 est,
693 1399 767 1475 quod
779 1402 845 1456 etin
858 1400 913 1458 filio
925 1410 1054 1476 postumo

79 1489 111 1537 et
125 1482 156 1536 in
172 1480 292 1554 quolibet
306 1497 339 1538 ex
354 1483 453 1538 ceteris
468 1481 560 1538 liberis
574 1483 630 1539 sive
645 1484 767 1540 serniniai
782 1501 863 1542 sexus
878 1487 934 1542 sive
949 1503 1054 1543 mascu-

76 1565 129 1621 lini
147 1567 295 1638 praeterito
318 1565 388 1622 valet
408 1565 517 1640 quidem
537 1573 745 1641 testamentum,
771 1569 819 1625 sed
839 1578 936 1644 postea
955 1570 1055 1645 adgna-

77 1652 156 1706 tione
178 1651 298 1724 postumi
313 1651 368 1708 sive
382 1658 526 1725 postumae
540 1654 676 1726 rumpitur
689 1660 718 1709 et
733 1669 764 1709 ee
778 1655 884 1711 ratione
904 1662 994 1711 totum
1014 1656 1055 1711 in·

77 1733 219 1790 firmatur:
244 1734 361 1809 ideoque
383 1736 406 1791 si
427 1735 538 1808 mulier,
565 1753 598 1792 en
618 1754 671 1812 qua
691 1743 835 1812 postumus
855 1745 903 1795 aut
927 1747 1054 1814 postuma

77 1817 256 1894 sperabatur,
279 1819 403 1876 abortum
423 1819 532 1893 iecerit,
559 1821 627 1878 nihil
647 1815 860 1898 impedimento³
881 1831 924 1881 est
946 1825 1054 1898 scriptis

77 1901 228 1962 heredibus
250 1903 283 1960 ad
308 1903 485 1961 hereditatem
511 1905 671 1963 adeundam.
722 1908 771 1964 sed
797 1907 917 1965 feminini
945 1909 1053 1983 quidem

77 2003 161 2046 sexus
177 2003 312 2063 personae
327 1989 370 2045 vel
390 1990 548 2046 nominatim
562 1990 605 2046 vel
624 1993 698 2048 inter
712 1999 821 2048 ceteros
836 1993 995 2050 exheredari
1009 2010 1054 2049 so·

77 2073 189 2145 lebant,
210 2073 275 2130 dum
290 2081 395 2147 tamen,
416 2075 439 2130 si
453 2075 526 2131 inter
540 2081 647 2132 ceteros
663 2075 878 2147 exheredeutur‚
899 2076 999 2149 aliquid
1014 2078 1053 2132 eis

76 2159 206 2234 legetur,
227 2174 262 2214 ne
276 2157 418 2216 rideantur
432 2175 482 2233 per
497 2157 659 2216 oblivionem
674 2159 837 2234 praeteritae
852 2175 927 2230 esse,
949 2175 1053 2215 mascu-

76 2244 120 2300 los
135 2259 203 2299 vero
218 2249 377 2316 postumos,
392 2243 419 2299 id
435 2250 478 2300 est
492 2241 578 2299 filium
593 2250 621 2299 et
636 2242 773 2318 deinceps,
788 2243 890 2317 placuit
903 2259 960 2299 non
975 2243 1054 2300 aliter

77 2335 153 2384 recte
174 2327 349 2400 exheredari,
375 2329 428 2384 nisi
448 2329 606 2384 nominatim
629 2327 845 2400 exheredentur,
870 2329 924 2385 hoc
950 2328 1053 2385 scilicet

77 2411 179 2469 modo:
196 2428 380 2479 ourcuuouu
394 2429 467 2470 sum
480 2427 586 2472 murus
603 2427 740 2472 eburnus
753 2427 887 2486 euentu,
908 2428 1052 2471 exnnens

77 2511 169 2556 nero.
201 2495 395 2553 Postumorum
409 2505 499 2554 autem
518 2497 580 2554 loco
596 2504 661 2554 sunt
675 2504 704 2554 et
718 2497 761 2570 hi,
784 2499 873 2572 quiin
888 2499 930 2554 sui
945 2499 1052 2555 heredis
1071 2500 1086 2548 2

77 2583 170 2639 locum
183 2581 353 2638 succedendo
369 2583 446 2656 quasi
457 2581 646 2657 adgnascendo
662 2580 733 2639 tiunt
746 2581 905 2656 parentibus
917 2584 959 2638 sui
974 2583 1052 2639 here·
1104 2647 1108 2652 ⁵

78 2667 136 2723 des.
175 2674 208 2722 ut
222 2683 284 2722 ecce
299 2667 323 2722 si
338 2667 400 2740 quis
419 2664 505 2722 filium
521 2674 550 2723 et
564 2683 597 2723 ex
611 2683 645 2722 eo
659 2674 788 2741 nepotem
803 2674 946 2740 neptemve
960 2667 988 2722 in
1002 2683 1052 2739 po·

78 2758 179 2808 testate
199 2749 312 2823 habeat,
336 2753 399 2824 quia
418 2749 491 2807 iilius
511 2751 598 2826 gradu
617 2751 773 2825 praecedit,
793 2753 816 2806 is
837 2751 912 2807 solus
933 2750 993 2805 iura
1009 2752 1052 2805 sui

79 2835 190 2892 heredis
205 2833 295 2907 babet,
311 2837 432 2910 quamvis
446 2851 533 2910 nepos
549 2851 660 2910 quoque
675 2844 704 2892 et
717 2837 807 2910 neptis
822 2851 856 2891 ex
867 2851 900 2892 eo
915 2835 944 2890 in
958 2833 1052 2891 eadem

79 2926 216 2994 potestate
231 2927 311 2976 sunt:
330 2921 379 2978 sed
401 2917 510 2976 siblios
525 2923 584 2976 eius
598 2921 659 2976 vivo
674 2937 708 2977 eo
723 2921 855 2977 moriatur
870 2927 917 2977 aut
932 2918 1054 2994 qualibet

80 3005 129 3061 atta
144 3006 253 3062 ratione
268 3012 346 3062 exeat
360 3005 394 3062 de
413 3007 641 3078 potestate'eius‚
662 3006 756 3079 incipit
775 3021 862 3080 nepos
883 3007 1007 3080 neptisve
1023 3005 1052 3061 in

82 3091 138 3146 eius
159 3089 251 3147 locum
271 3089 417 3148 succedere
432 3096 461 3146 et
475 3106 508 3148 eo
523 3090 605 3146 modo
625 3091 683 3146 iura
698 3107 810 3146 suorum
825 3089 957 3146 heredum
976 3090 1052 3164 quasi

149 3322 170 3386 ¹)
187 3326 284 3388 partim
300 3323 534 3384 =dat.e,1rt.
618 3321 639 3386 ²)
657 3343 692 3365 ==
713 3321 891 3381 dat.2,130.
912 3323 968 3374 131.
985 3325 1051 3391 rest..

132 3393 182 3442 134
198 3399 262 3442 rest.
280 3391 344 3442 baec
362 3394 437 3442 etiam
455 3407 491 3442 eac
508 3393 540 3442 L.
562 3393 601 3442 13.
621 3391 655 3440 D.
683 3393 716 3444 de
737 3392 831 3441 iniusto
848 3395 925 3453 rupto
944 3386 994 3450 (28,
1014 3384 1050 3448 3).

83 3456 104 3520 ³)
121 3459 348 3524 impedimentum
366 3475 402 3510 em
419 3460 494 3513 codd.
507 3466 555 3512 vet.
575 3459 615 3510 ed.
631 3458 679 3508 lt'r.
731 3453 754 3524 ⁴)
773 3457 834 3508 loco
852 3471 888 3505 err
904 3455 979 3505 codd.
999 3460 1049 3506 vet.

84 3528 122 3577 ed.
142 3526 192 3580 Kr.
851 3605 896 3664 5*
