2484 3916
172 191 213 256 96
304 208 339 242 nr
360 204 644 242 rnnmoonurssneus
662 204 890 242 neuenmnrnens
909 191 947 254 ΙΙ,
966 192 1007 243 23.

173 349 288 423 quisita,
311 347 398 408 altero
418 363 483 403 vero
504 363 583 418 casn,
603 347 630 402 id
653 355 695 402 est
715 363 793 418 eum,
814 355 909 420 quarta
929 354 1005 420 parte
1025 355 1145 417 retenta,

172 439 287 508 rogatus
304 439 348 487 est
369 433 448 488 heres
463 433 609 488 restituere
624 430 801 488 hereditatem
817 439 844 486 et
861 431 997 502 restituit,
1019 430 1146 486 scindan-

172 523 218 572 tur
232 517 353 572 aotiones
370 523 397 574 et
412 533 463 591 pro
479 515 610 572 dodrante
626 515 735 589 quidem
747 515 944 572 transferantur
958 514 990 570 ad
1006 513 1147 571 fideioom-

171 602 340 672 missorium,
370 617 420 674 pro
446 599 595 675 quadrante
617 607 773 658 remaneant
797 599 868 674 apnd
894 598 1033 656 heredem.
1080 601 1145 672 quin

171 685 251 741 etiam
267 685 331 742 lieet
345 687 374 741 in
390 701 442 741 una
456 701 497 756 re,
514 701 566 760 qna
578 684 693 742 deducta
704 691 749 740 aut
764 691 922 758 praecepta,
938 685 1085 746 restituere
1097 684 1143 740 aii-

171 771 232 843 quis
248 769 426 826 hereditatem
441 777 554 843 rogatus
566 777 624 840 est,
639 771 751 825 munima
761 785 824 843 pars
835 767 993 824 hereditatis
1005 767 1144 826 continea-

170 862 231 926 tur,
252 870 337 928 aeque
357 853 518 909 insolidum
534 853 735 912 transferuntur
749 855 869 909 actiones
885 859 912 908 et
928 869 1020 909 seeum
1041 851 1144 908 delibe-

170 955 231 994 rare
246 938 327 994 debet
342 939 379 1010 is,
402 939 445 994 oui
460 939 615 994 restituitur
629 937 780 1007 hereditas,
802 955 835 993 an
851 937 974 1011 expediat
990 937 1041 994 sihi
1063 939 1144 993 resti-

169 1024 220 1080 tui.
251 1023 344 1078 eadem
359 1022 461 1078 seilicet
483 1024 666 1079 interveniunt
681 1030 708 1078 et
724 1023 747 1078 si
768 1021 871 1078 duabus
886 1021 1044 1096 pluribusve
1059 1020 1142 1078 rebus

170 1107 293 1164 deductis
313 1108 498 1181 praeceptione
518 1108 663 1164 restituere
684 1106 860 1162 hereditatem
881 1113 995 1181 rogatus
1011 1107 1056 1166 sit.
1093 1105 1143 1162 sed

170 1191 235 1246 etsi
250 1197 323 1246 eerta
337 1206 442 1246 summa
457 1190 572 1247 deducta
585 1198 776 1265 praeceptere,
793 1207 860 1264 quae
877 1197 999 1264 quartam
1008 1190 1051 1246 vel
1063 1192 1143 1246 etiam

169 1275 309 1330 maximnm
323 1283 427 1350 partem
442 1275 599 1332 hereditatis
615 1277 753 1346 eontinet,
769 1282 883 1349 rogatus
898 1276 934 1330 sit
949 1274 1047 1348 aliquis
1064 1275 1144 1331 here-

170 1357 281 1414 ditatem
301 1361 463 1429 restituere,
484 1359 555 1416 idem
576 1361 642 1416 iuris
663 1368 713 1415 est.
750 1375 818 1434 qnae
840 1359 956 1414 diximus
973 1359 1006 1416 de
1022 1376 1071 1430 eo,
1095 1363 1144 1432 qni

169 1459 202 1498 ex
218 1459 277 1498 asse
292 1443 372 1500 heres
387 1444 529 1500 institutus
541 1453 593 1517 est,
609 1444 702 1517 eadem
718 1442 904 1500 transierimus
915 1451 943 1499 et
958 1443 990 1499 ad
1006 1459 1078 1516 eum,
1095 1447 1144 1518 qui

169 1544 202 1584 en
216 1535 293 1602 parte
308 1528 387 1583 heres
403 1529 521 1602 scriptus
537 1537 587 1584 est.

119 1630 151 1678 10
234 1605 394 1667 ¹Praeterea
406 1613 551 1670 intestatus
568 1629 677 1687 quoque
689 1613 837 1668 moriturus
852 1621 946 1686 potest
956 1629 1055 1686 rogare
1067 1629 1142 1683 eum,
1240 1600 1241 1611 ¹

168 1695 201 1750 ad
217 1711 298 1768 quem
313 1694 384 1750 bona
399 1713 446 1752 sna
458 1697 501 1752 vel
516 1697 638 1771 legitimo
653 1698 712 1752 iure
727 1697 770 1754 vel
786 1697 931 1754 honorario
947 1698 1083 1771 pertinere
1100 1699 1143 1752 in·

167 1779 291 1852 tellegit,
308 1787 338 1834 ut
353 1779 530 1837 hereditatem
545 1797 621 1836 suam
635 1788 721 1836 totam
736 1789 874 1856 partemve
889 1783 947 1836 eius
959 1789 1005 1838 aut
1019 1798 1076 1836 rem
1092 1782 1143 1837 ali-

169 1879 264 1937 quam,
290 1863 373 1920 veinti
394 1864 523 1936 iundnm,
550 1865 701 1937 hominem,
728 1867 868 1940 pecuniam
894 1866 972 1922 alicui
999 1867 1142 1922 restituat:

118 1950 148 1996 11
167 1963 229 2003 eum
245 1947 365 2022 alioquin
380 1949 470 2024 legata
484 1949 537 2006 nisi
552 1965 585 2006 ex
600 1957 763 2006 testamento
775 1967 831 2008 non
843 1950 956 2006 valeant.
988 1949 1054 2006 Eum
1068 1967 1142 2023 qno-

168 2047 237 2106 que,
258 2033 303 2088 oni
323 2033 424 2108 aliquid
444 2034 613 2112 restituitur,
634 2043 727 2108 potest
748 2051 862 2109 rogare,
883 2041 914 2089 nt
935 2033 962 2091 id
982 2043 1077 2090 rursus
1094 2036 1143 2090 aiii

117 2117 148 2166 12
167 2125 256 2174 totum
272 2124 318 2172 ant
338 2111 464 2192 partem²
484 2118 527 2174 vel
542 2121 621 2176 etiam
636 2119 708 2174 aliud
724 2118 824 2193 aliquid
847 2121 983 2176 restituat.
1021 2117 1055 2174 Et
1076 2122 1142 2193 qnia

165 2203 251 2275 prima
271 2200 541 2258 fideicommissorum
562 2203 693 2260 onnahnla
712 2221 727 2258 a
747 2202 799 2260 fide
819 2203 949 2260 heredum
969 2203 1092 2278 pendent
1114 2213 1143 2259 et

165 2295 221 2341 tam
232 2302 332 2341 nomen
344 2303 423 2359 qnam
432 2286 607 2343 substantiam
619 2296 780 2361 acceperunt
795 2296 822 2343 et
836 2287 898 2343 ideo
910 2287 987 2344 divus
997 2289 1141 2363 Angustus

167 2368 199 2424 ad
214 2371 403 2424 necessitatem
423 2371 489 2424 iuris
505 2385 535 2426 ea
550 2369 680 2426 detraxit:
703 2389 790 2446 nuper
805 2380 832 2428 et
847 2387 913 2444 nos,
931 2373 1047 2428 eundem
1061 2373 1141 2446 prin-

166 2453 251 2525 oipem
268 2467 395 2525 superare
410 2453 622 2526 contendentes,
644 2472 675 2510 ex
697 2456 785 2528 iacto,
807 2455 881 2530 qnod
897 2455 1074 2514 'iniboniauus
1098 2458 1141 2512 vir

166 2535 305 2608 excelsus,
336 2545 465 2612 quaestor
483 2539 552 2594 sacri
573 2538 678 2612 palatii,
708 2542 862 2616 suggessit,
891 2533 1141 2598 constitutionem³

165 2620 293 2692 fecimus,
314 2637 363 2694 per
384 2638 463 2694 quam
484 2621 681 2696 disposuimus:
704 2625 726 2680 si
747 2631 864 2680 testator
885 2623 947 2682 fidei
968 2626 1076 2682 heredis
1093 2627 1139 2682 sui

166 2707 315 2776 commisit,
333 2712 362 2760 ut
374 2705 417 2762 vel
431 2705 608 2764 hereditatem
619 2708 661 2764 vel
675 2709 792 2784 speciale
807 2708 1044 2768 fideicommissum
1055 2713 1141 2768 resti·
1233 2758 1237 2763 .

165 2797 238 2860 tuat,
254 2798 282 2845 et
297 2806 386 2862 neque
400 2807 433 2846 ex
448 2792 581 2865 scriptura
595 2808 684 2867 neque
699 2809 732 2850 ex
748 2795 868 2869 quinque
882 2797 995 2852 testium
1010 2811 1140 2868 numero,
1235 2850 1237 2855 .

165 2873 211 2945 qni
226 2873 254 2927 in
268 2872 481 2931 fideicommissis
496 2875 636 2950 legitimus
651 2893 711 2934 esse
726 2880 865 2953 noscitur,
886 2897 931 2936 res
946 2881 1035 2956 possit
1050 2882 1141 2936 mani·
1234 2872 1237 2875 ’

164 2956 268 3028 testari,
282 2957 331 3014 sed
343 2958 386 3014 vel
398 2961 540 3033 pauciores
553 2977 632 3035 qnam
648 2963 768 3038 quinque
780 2963 822 3018 vel
837 2980 916 3020 nemo
931 2966 1040 3038 penitus
1056 2966 1142 3020 testis
1232 3032 1233 3035 Ἴ

163 3041 356 3118 intervenerit,
376 3050 441 3100 tuno
455 3046 511 3100 sive
530 3053 609 3119 pater
626 3045 731 3102 heredis
746 3048 802 3102 sive
818 3047 885 3104 alins
906 3050 1071 3123 quicumque
1089 3049 1140 3120 sit,
1232 3064 1233 3067 ’

165 3123 211 3198 qni
231 3121 311 3180 iidem
326 3127 412 3201 elegit
429 3127 537 3186 heredis
553 3137 581 3186 et
603 3129 635 3185 ah
656 3147 690 3186 eo
709 3131 812 3204 aliquid
829 3133 938 3188 restitui
954 3133 1070 3189 voluerit
1080 3177 1091 3210 ,
1116 3137 1142 3189 si

233 3337 252 3404 ¹)
270 3361 304 3382 ι·-
324 3339 380 3390 Gai·
398 3343 422 3398 2,
441 3343 491 3391 269
509 3349 569 3392 mut.
654 3341 675 3408 ²)
699 3343 723 3393 T
742 3347 834 3412 otiique
852 3349 928 3406 eodd.
950 3348 1063 3412 Tteopt.
1085 3365 1141 3414 pro

162 3410 242 3468 parte
261 3405 310 3457 BC
325 3410 454 3472 ceterique
471 3411 547 3460 codd.
567 3410 644 3472 infer.
663 3413 721 3464 edd.
741 3411 815 3462 Scor.
835 3421 860 3464 et
877 3415 929 3469 Kr.
999 3413 1018 3477 8)
1038 3415 1071 3469 t,
1092 3419 1143 3469 32,

164 3471 194 3521 0.
212 3475 243 3521 de
258 3475 342 3534 Μαῖα.
363 3471 397 3540 (6,
415 3473 468 3536 tn).
