2484 3916
167 205 208 292 18
476 242 511 277 ne
531 228 782 290 1111110111111,
802 227 842 278 11.

178 385 351 459 adoptionem
366 382 450 440 filium
467 382 546 454 iacit,
560 383 640 458 plena
655 383 812 457 pubertate,
827 384 854 440 id
870 391 912 440 est
927 384 1020 442 decem
1036 391 1063 440 et
1078 393 1143 440 octo

144 481 159 529 o
178 472 254 526 annis
269 468 441 544 praecedere.
472 467 547 524 Licet
568 476 658 524 autem
679 476 706 524 et
726 470 753 523 in
769 468 858 524 locum
873 470 980 542 nepotis
995 468 1038 524 vel
1053 470 1144 542 neptis

177 555 220 610 vel
234 557 262 610 in
278 553 367 610 locum
382 553 542 626 pronepotis
564 553 607 608 vel
628 554 769 626 proneptis
790 554 832 610 vel
853 552 980 628 deinceps
1003 551 1143 626 adoptare,

144 651 159 699 6
178 640 298 712 quamvis
319 636 403 693 filium
426 638 486 710 quis
508 652 563 694 non
584 635 690 692 hebeat.
726 636 759 692 Et
775 645 828 692 tam
849 635 933 694 filium
949 637 1065 693 alienum
1082 638 1144 710 quis

176 726 205 779 in
225 724 315 780 locum
335 722 442 796 nepotis
464 728 556 795 potest
582 720 726 794 adoptare,
750 737 829 794 quam
856 729 982 795 nepotem
997 723 1031 793 ,in
1051 721 1144 778 locum

144 807 234 864 111111.
272 807 325 862 Sed
345 808 368 862 si
389 807 449 879 quis
465 807 572 879 nepotis
593 805 654 861 loco
670 801 782 878 adoptet
804 805 847 862 vei
870 807 946 880 quasi
967 823 1000 862 er
1020 822 1053 862 eo
1075 803 1144 877 tilio,

178 909 258 966 quem
273 889 353 948 hahet
367 892 418 946 iam
433 889 607 964 adoptatum,
623 889 665 946 vel
680 891 757 963 quasi
772 907 805 945 ex
820 890 884 962 illo,
900 907 980 964 quem
993 890 1142 948 naturalem

90 1035 94 1042 ,
164 979 204 1034 iu
219 993 267 1032 sua
282 981 418 1050 potestate
439 973 532 1030 habet:
561 975 589 1029 in
610 991 642 1030 eo
664 990 727 1030 casu
748 982 775 1030 et
797 973 867 1030 filius
883 975 1036 1031 consentire
1051 973 1143 1044 dehet,

177 1078 211 1117 ne
227 1063 250 1116 ei
267 1061 350 1116 invito
366 1075 432 1114 suus
454 1059 533 1114 heres
553 1057 740 1132 adgnascatur.
771 1059 819 1116 sed
840 1076 872 1115 er
888 1059 1024 1115 contrario
1040 1059 1063 1112 si
1078 1075 1143 1113 avus

178 1162 211 1201 ex
226 1143 282 1200 tilio
304 1151 430 1218 nepotem
452 1142 497 1198 dat
516 1144 545 1198 in
565 1141 754 1215 adoptionem,
780 1160 835 1199 non
861 1151 903 1200 est
924 1159 1035 1198 necesse
1057 1139 1144 1198 tilium

144 1234 159 1283 8
178 1229 341 1286 consentire.
379 1227 409 1282 111
424 1227 547 1301 piurimis
563 1234 652 1282 autern
667 1228 754 1282 causis
776 1227 942 1284 adsimilatus
956 1229 995 1298 is,
1018 1228 1064 1300 qui
1079 1226 1143 1282 ado·

177 1320 268 1388 ptatus
281 1313 323 1368 vel
338 1311 485 1386 adrogatus
502 1320 560 1383 est,
576 1313 611 1383 ci,
628 1313 674 1384 qui
690 1327 722 1366 ex
738 1311 860 1385 legitimo
876 1311 1047 1368 matrimonio
1063 1319 1143 1367 natus

178 1407 229 1456 est.
260 1405 288 1452 et
303 1396 364 1452 ideo
380 1397 479 1470 siquis
500 1413 549 1469 per
563 1397 753 1470 imperatorem
773 1397 829 1452 sive
845 1396 916 1470 apud
930 1403 1084 1470 praetorem
1102 1395 1143 1450 vel

177 1482 248 1556 apud
263 1481 414 1555 praesidem
434 1481 587 1556 provinciae
602 1495 658 1536 non
673 1488 829 1536 extraneum
845 1480 1029 1554 adoptaverit,
1050 1487 1144 1553 potest

143 1565 292 1622 9eundem
317 1564 362 1621 aiii
387 1566 415 1620 in
440 1564 615 1638 adoptionem
641 1563 714 1620 dare.
753 1558 829 1620 ¹Sed
855 1564 973 1621 aviliud
1000 1565 1143 1638 utriusque

177 1651 331 1724 adoptionis
346 1665 489 1706 commune
509 1655 567 1720 est,
589 1647 663 1721 quod
683 1656 710 1704 et
731 1649 773 1721 hi,
794 1651 841 1722 qui
862 1665 994 1724 generare
1008 1665 1064 1704 non
1079 1664 1144 1722 pos·

177 1742 257 1806 sunt,
274 1733 367 1807 quales
382 1741 446 1788 sunt
461 1732 610 1806 spadones,
626 1731 754 1807 adoptare
773 1744 907 1807 possunt,
929 1734 1037 1789 castrati
1053 1741 1144 1788 autem

128 1831 160 1880 10
177 1836 233 1875 non
248 1825 373 1892 possunt.
404 1809 548 1872 21111111111
570 1833 680 1890 quoque
699 1816 827 1891 adoptare
847 1834 903 1875 non
924 1825 1057 1892 possunt,
1080 1818 1144 1890 quia

177 1920 227 1960 nec
242 1902 379 1958 naturales
394 1900 494 1958 liberos
520 1903 548 1956 in
568 1908 703 1974 potestate
729 1919 778 1958 sua
798 1901 910 1959 habent:
943 1902 991 1958 sed
1007 1900 1143 1958 1111111111-
1238 1885 1239 1920 ³

178 1989 269 2064 gentia
294 1987 421 2061 principis
448 1985 481 2041 ad
504 1985 630 2042 solatium
657 1985 802 2042 liberorum
828 1988 987 2042 amissorum
1013 1986 1143 2059 adoptare

127 2087 158 2135 11
176 2079 303 2147 possunt.
341 2065 428 2127 31111111
448 2071 589 2144 proprium
609 2079 651 2126 est
665 2069 737 2126 iliius
754 2071 922 2144 adoptionis,
947 2087 1016 2144 quae
1037 2086 1087 2144 per
1101 2087 1143 2124 sa·

177 2175 253 2213 crum
269 2156 407 2213 oraculum
423 2153 469 2227 iit,
491 2153 564 2229 quod
579 2157 619 2225 is,
641 2151 688 2229 qiri
702 2154 802 2212 liberos
817 2157 845 2211 in
860 2162 996 2230 potestate
1012 2151 1102 2224 habet,
1120 2156 1143 2209 si

177 2258 207 2297 se
222 2240 407 2315 adrogantium
423 2239 544 2310 dederit,
565 2255 621 2294 non
641 2238 730 2295 solum
751 2241 809 2313 ipse
824 2242 955 2314 potestati
970 2239 1143 2312 adrogatoris

177 2324 324 2396 subicitur,
351 2324 399 2380 sed
425 2325 504 2379 etiam
530 2323 608 2378 liberi
633 2325 691 2378 eius
717 2324 745 2378 in
770 2324 890 2380 eiusdem
916 2323 985 2378 fiunt
1006 2330 1143 2397 potestate

179 2417 312 2482 tamquam
327 2415 451 2482 nepotes.
482 2408 522 2462 sie
537 2407 607 2462 euim
623 2415 651 2462 et
666 2406 743 2462 divus
758 2408 899 2482 Augustus
915 2424 971 2464 non
986 2416 1049 2463 ante
1065 2405 1144 2462 Tibe·

176 2495 246 2548 rium
262 2492 413 2566 adoptavit,
436 2507 515 2564 quam
535 2492 557 2546 is
574 2490 758 2547 Germanicum
785 2492 934 2567 adoptavit:
964 2501 995 2547 ut
1015 2492 1143 2566 protinus

127 2593 158 2642 12
177 2577 322 2651 adoptione
337 2576 408 2632 iacta
421 2576 531 2649 incipiat
546 2574 718 2632 Germanicus
733 2578 849 2652 Augusti
864 2593 949 2651 nepos
965 2593 1035 2633 esse.
1063 2575 1144 2650 Apud
1237 2627 1238 2660 ,

177 2661 306 2718 Catonem
327 2660 395 2717 bene
415 2661 545 2733 scriptum
559 2659 645 2716 111111
659 2661 821 2734 antiquitas,
848 2663 919 2717 servi
943 2663 967 2717 si
992 2679 1006 2716 a
1032 2660 1143 2716 domino

177 2747 297 2820 adoptati
311 2747 382 2817 sint,
403 2761 436 2800 111
451 2745 504 2800 hoo
522 2745 582 2818 ipso
598 2760 680 2822 posse
699 2745 816 2802 liberari.
847 2745 919 2802 unde
934 2755 962 2801 et
977 2761 1027 2802 nos
1043 2744 1145 2801 eruditi

175 2833 313 2887 innostra
332 2823 548 2886 constitutione⁴
573 2830 654 2885 etiam
675 2845 737 2884 eum
758 2846 881 2902 servum,
904 2828 1144 2904 quemdominus,

176 2916 242 2970 actis
257 2913 514 2986 intervenientibus,
537 2911 621 2970 filium
641 2930 721 2970 suum
736 2916 929 2987 nominaverit,
951 2913 1066 2970 liberum
1082 2929 1146 2970 esse

176 3001 378 3071 constituimus,
392 2999 455 3056 licet
469 2999 522 3055 huc
536 2997 569 3054 ad
583 3001 626 3055 ius
641 2997 689 3054 filii
703 2999 886 3074 accipiendum
902 3001 926 3056 ei
938 3015 994 3055 non
1009 2997 1121 3054 suiiicit.

246 3212 266 3282 ¹)
279 3235 312 3256 =
327 3215 383 3266 Gai.
402 3217 425 3277 1,
446 3217 503 3266 103.
589 3213 611 3279 ²)
629 3217 724 3279 partim
735 3235 769 3256 =
783 3214 838 3266 aaa.
858 3218 880 3274 1,
900 3217 957 3266 104.
1044 3211 1066 3278 ³)
1085 3215 1145 3266 init.

173 3283 277 3346 fere=
291 3284 347 3337 Gai.
367 3285 389 3342 1,
410 3283 561 3336 10111.
581 3283 604 3344 ἕ.
624 3285 648 3332 2.
667 3283 701 3337 D.
720 3285 751 3334 de
770 3285 858 3347 adopt.
872 3279 906 3349 (1,
921 3280 957 3350 7).
1026 3279 1048 3342 ⁴)
1069 3281 1103 3330 L.
1122 3285 1146 3331 1.

175 3351 199 3412 ξ.
220 3353 260 3402 10.
280 3351 309 3400 0.
328 3353 360 3402 de
378 3351 439 3401 Lot.
458 3351 500 3401 lib.
520 3354 572 3401 toll.
591 3348 627 3418 (1,
645 3347 682 3416 6).
