2464 3916
257 214 293 250 ns
311 215 479 251 rnurrnraus
499 215 755 252 surrrnnrsonrsus
773 203 826 265 111,
846 205 878 253 19
896 200 963 269 (20).
1024 201 1086 266 133

113 373 184 430 qnae
199 359 227 412 in
242 373 334 414 rernm
349 365 444 412 natura
459 375 514 414 uon
529 365 572 414 est
587 365 635 413 aut
649 374 710 414 esse
725 375 780 414 nou
795 365 905 433 potest,
926 358 983 415 dari
999 361 1086 433 stipu-

113 442 186 498 latus
207 441 307 514 luerit,
331 441 415 497 veluti
435 441 573 515 Stichum,
601 445 647 516 qui
669 451 795 498 mortuns
816 442 869 515 sii,
895 459 975 518 quem
997 445 1086 500 vivere

112 525 254 598 credebat,
281 534 327 582 ant
347 526 607 600 hippocentaurum,
628 529 676 601 qui
696 544 760 584 esse
779 543 834 584 nou
854 530 959 601 possit,
981 527 1085 584 inutilis

112 612 167 666 erit
182 610 328 684 stipulatio.
365 609 438 666 ldem
459 613 525 666 iuris
540 620 599 683 est,
621 613 644 668 si
661 628 718 667 rem
733 628 835 668 sauram
850 621 897 668 ant
917 613 1085 687 religiosam,
1100 619 1119 672 ἰ

113 712 195 768 quam
216 697 325 751 humani
347 695 412 750 iuris
429 712 489 752 esse
506 695 648 767 credebat,
668 696 711 752 vel
731 695 881 770 publicam,
903 714 972 772 quae
993 696 1085 753 usibus

111 779 211 853 populi
225 784 359 854 perpetuo
375 781 497 854 exposita
511 782 564 851 sit,
585 781 720 836 ullorum
736 781 779 836 vel
795 781 947 852 theatrum,
962 781 1005 838 vel
1020 780 1087 838 lihe-

111 879 176 920 rum
190 864 343 936 hominem,
364 881 444 938 quem
465 881 572 920 servum
593 882 654 922 esse
670 864 812 937 credebat,
833 865 876 921 vel
896 860 986 936 rem,¹
1009 867 1085 921 cuius

111 950 304 1005 commercium
325 965 380 1004 nou
401 948 509 1021 habuit,
530 949 573 1005 vel
593 967 651 1006 rem
671 967 747 1006 snam
769 949 826 1006 dari
847 951 907 1023 quis
928 948 1084 1024 stipuletur.
1178 979 1184 988 ·

112 1049 165 1088 nec
186 1034 214 1088 in
234 1032 364 1106 pendenti
378 1035 429 1089 erit
443 1034 584 1107 stipulatio
600 1035 635 1090 ob
650 1035 693 1106 id,
716 1034 790 1108 qnod
807 1033 914 1108 publica
927 1051 972 1090 res
988 1035 1016 1089 iu
1031 1036 1086 1108 pri·

112 1125 204 1172 vatum
227 1117 322 1173 deduci
344 1125 372 1172 et
386 1134 419 1173 ex
440 1117 527 1174 libero
543 1135 638 1174 servus
654 1117 713 1175 lieri
732 1127 825 1192 potest
845 1127 873 1174 et
893 1119 1085 1176 commercium

114 1201 225 1275 adipisci
246 1202 395 1276 stipulator
415 1211 508 1276 potest
528 1212 556 1259 et
576 1220 621 1259 res
636 1203 805 1277 stipulatoris
821 1220 881 1259 esse
898 1203 1022 1260 desinere
1037 1219 1086 1277 po-

115 1294 185 1342 test:
200 1285 245 1342 sed
260 1289 386 1360 protinus
400 1287 505 1344 inutilis
520 1295 571 1344 est.
602 1289 667 1344 item
683 1296 795 1359 eontra,
811 1287 875 1344 licet
889 1290 965 1344 initio
981 1288 1087 1344 utiliter

117 1385 162 1425 res
181 1371 207 1426 in
226 1372 385 1444 stipulatum
404 1371 520 1428 deducta
539 1374 591 1443 sit,
617 1373 640 1428 si
660 1380 756 1446 postea
775 1373 804 1428 iu
819 1389 912 1428 aarum
927 1389 980 1446 qna
994 1389 1085 1442 causa,

116 1453 150 1510 dc
172 1454 267 1528 quibus
282 1473 365 1530 supra
384 1456 561 1527 dictumest,
581 1458 640 1512 siue
655 1457 727 1514 iacto
746 1457 920 1530 promissoris
935 1456 1086 1526 devenerit,

114 1540 283 1612 extinguitur
303 1540 452 1614 stipulatio.
494 1558 525 1597 ac
546 1558 580 1596 ne
601 1542 691 1596 statim
712 1540 744 1595 ab
766 1543 845 1596 initio
867 1541 925 1596 talis
946 1539 1086 1614 stipulatio

113 1622 213 1679 valebit
226 1639 346 1683 nuorun
361 1641 489 1697 rrrrun,
506 1642 570 1684 cun
586 1617 911 1697 snrvusnurr,'1›nan
927 1624 1084 1684 aronnns?

113 1715 142 1764 et
157 1709 268 1781 similia,
293 1711 355 1783 quia
376 1717 471 1765 natura
491 1711 534 1766 sui
555 1709 674 1766 dominio
689 1717 786 1766 nostro
802 1718 927 1784 exempta
940 1711 968 1766 in
984 1708 1086 1783 obliga-

113 1793 217 1848 tionem
237 1793 334 1850 deduei
353 1793 430 1850 nullo
452 1794 533 1850 modo
554 1803 681 1868 possunt.
726 1793 755 1850 Si
777 1796 838 1868 quis
859 1795 940 1850 alium
960 1793 1120 1850 daturun13

112 1876 281 1934 facturumve
296 1879 361 1952 quid
376 1878 573 1952 spoponderit,
594 1896 650 1935 non
672 1878 852 1954 obligabitur,
868 1879 952 1936 veluti
967 1880 990 1934 si
1005 1895 1086 1952 spon·

112 1961 192 2033 dcat,
213 1963 312 2018 Titium
334 1965 454 2036 quinque
469 1979 566 2019 aureos
582 1963 718 2019 daturum.
757 1965 855 2036 quodsi
871 1963 1029 2020 effecturum
1045 1979 1085 2032 sc,

112 2053 145 2100 nt
161 2046 246 2102 'litius
267 2047 359 2118 daret,
380 2047 576 2121 spoponderit,
598 2047 744 2121 obligatur.
791 2046 819 2102 Si
840 2049 900 2120 quis
924 2047 983 2117 alii,
1005 2053 1120 2120 quami

112 2130 191 2185 ouius
206 2132 258 2186 iuri
274 2131 412 2188 subiectus
433 2133 483 2202 sit,
505 2131 669 2205 stipuletur,
690 2131 757 2186 nihil
778 2131 843 2204 agit.
888 2130 968 2203 plane
984 2129 1085 2184 solutio

112 2213 194 2270 etiam
214 2217 242 2270 in
262 2218 381 2272 extranei
402 2231 547 2290 personam
568 2215 687 2271 conierri
706 2222 800 2288 potest
820 2214 915 2286 (veluti
929 2213 952 2268 si
974 2214 1034 2285 quis
1049 2213 1087 2267 ita

111 2298 261 2372 stipuletur
289 2317 361 2358 mur
381 2319 444 2360 nur
473 2316 544 2358 suro
572 2317 656 2356 naun
677 2294 865 2372 arononsi),
895 2305 926 2353 nt
955 2295 1086 2370 ohhgatio

112 2382 223 2456 quidem
239 2385 392 2458 stipulatori
407 2385 581 2460 adquiratur,
598 2384 666 2440 solvi
681 2392 772 2440 tamen
783 2382 846 2440 Seio
858 2385 937 2439 etiam
952 2383 1037 2438 invito
1053 2397 1085 2436 eo

111 2475 188 2524 recte
203 2470 308 2542 possit,
325 2480 355 2525 ut
370 2469 493 2526 liberatio
509 2471 568 2543 ipso
584 2471 643 2524 iure
658 2469 815 2542 contingat,
831 2467 879 2524 sed
894 2467 940 2523 ille
956 2466 1086 2523 adversus

112 2551 205 2608 Seium
221 2553 316 2609 haheat
331 2553 448 2610 mandati
461 2555 602 2610 actionem.
633 2552 731 2626 quodsi
748 2555 809 2626 quis
824 2552 876 2608 sihi
891 2559 919 2607 et
934 2549 994 2623 alii,
1010 2553 1086 2607 cuius

110 2638 166 2692 iuri
182 2637 319 2694 subiectus
334 2655 390 2694 non
406 2639 457 2709 sit,
479 2638 572 2694 decem
594 2638 651 2694 dari
666 2654 765 2693 aurcos
781 2637 928 2711 stipulatus
943 2643 1000 2707 cst,
1019 2635 1087 2689 vale·

111 2719 154 2776 bit
170 2722 278 2794 quidem
294 2722 449 2796 stipulatio:
470 2722 518 2778 sed
539 2730 631 2778 utrum
647 2729 736 2778 toturn
752 2721 883 2789 debetur,
907 2719 980 2793 quod
995 2721 1023 2774 in
1039 2720 1086 2772 sti·

110 2799 299 2879 pulationem²
320 2807 465 2863 deductum
487 2814 543 2877 est,
564 2823 597 2862 an
617 2822 683 2861 vero
705 2823 768 2880 pars
790 2804 912 2875 dimidia,
936 2802 1086 2858 dubitatum

111 2897 170 2946 est:
191 2890 240 2946 sed
261 2890 366 2964 placet,
388 2908 445 2947 nou
464 2891 527 2964 plns
548 2907 627 2964 quam
649 2898 754 2964 partem
774 2889 909 2945 dimidiam
930 2889 954 2944 ei
971 2887 1085 2960 adquiri.

110 2976 153 3046 ei,
174 2975 221 3048 qui
241 2981 290 3030 tuo
311 2977 363 3032 iuri
378 2975 516 3031 subiectus
532 2983 589 3046 est,
610 2977 633 3030 si
650 2974 795 3048 stipulatus
818 2975 871 3044 sis,
892 2971 940 3028 tibi
956 2968 1086 3046 adquiris,

112 3061 177 3132 quia
192 3075 245 3115 vox
260 3066 308 3114 tua
321 3069 458 3134 tamqnam
474 3057 522 3114 filii
538 3061 589 3130 sit,
611 3061 691 3115 sicuti
706 3056 754 3114 iilii
770 3075 819 3114 vor
837 3057 970 3132 tamquam
987 3067 1032 3113 tua
1046 3057 1087 3110 in·

112 3143 256 3218 tellegitur
271 3145 299 3200 in
314 3145 356 3200 his
371 3144 468 3216 rebus,
485 3160 553 3217 quac
568 3142 617 3198 tibi
632 3143 737 3217 adquiri
752 3151 879 3216 possunt.
926 3133 1086 3198 ³Praeterea
1104 3155 1119 3204 5

181 3359 200 3423 ¹)
219 3377 277 3412 rem
299 3361 391 3411 Treo.
409 3375 504 3418 manus,
527 3359 639 3423 lheoph.
658 3375 705 3409 om.
724 3359 806 3408 ceteri
823 3358 898 3408 codd.
917 3363 944 3404 et
963 3357 1022 3408 edd.
1062 3352 1084 3420 ²)

107 3430 229 3494 plerique
255 3430 332 3480 codd.
359 3428 436 3491 irrfer.
465 3427 576 3492 Theoplr.
601 3425 782 3491 stipulatione
809 3425 884 3474 codd.
906 3430 955 3474 oet.
974 3424 1016 3472 ed.
1035 3422 1086 3476 Kr.

109 3496 132 3561 ³)
151 3499 208 3548 inii.
226 3497 285 3560 fere
302 3517 336 3538 =
356 3495 411 3546 (iai.
430 3499 454 3558 3,
475 3497 532 3546 102.
564 3544 567 3550 ,
