2484 3916
166 172 208 235 22
285 189 335 232 our
353 187 422 224 nuru
441 187 566 248 uuroarre
586 188 766 225 unsruuenro
785 189 910 224 rossunr
928 173 951 236 Ι,
972 176 1011 224 14.

167 329 298 386 tuendum
313 347 390 402 eum,
412 332 458 403 qui
478 339 592 404 propter
607 339 721 386 aetatem
735 347 766 386 se
781 329 927 388 defendere
942 331 1052 404 nequit,
1074 331 1138 386 iure

133 426 149 472 2
167 414 237 471 civili
258 414 317 470 data
338 431 369 470 ac
388 415 528 488 permissa.
565 415 682 476 Tutores
698 421 787 471 autem
799 423 878 486 sunt,
901 415 947 488 qui
962 431 1018 470 eam
1034 416 1087 470 vim
1104 431 1136 470 ac

165 507 328 573 potestatem
349 497 462 571 habent,
488 493 594 574 exque¹
615 516 645 555 re
665 500 725 574 ipsa
744 517 843 556 nomen
864 507 1005 572 ceperunt.
1042 500 1138 573 itaque

168 583 338 658 appellantur
351 591 458 640 tutores
474 585 551 657 quasi
565 585 682 640 tuitores
695 591 776 658 atque
791 583 959 656 defensores,
977 585 1047 639 sicut
1062 583 1137 640 aedi·

133 671 149 718 3
167 669 207 724 tui
222 667 364 741 dicuntur,
386 669 432 742 qui
453 667 532 724 aedes
553 675 675 724 tuentur.
712 661 894 726 ²Permissum
916 675 958 724 est
977 669 1070 742 itaque
1087 685 1137 742 pa-

166 751 303 824 rentibus,
319 751 410 808 liberis
425 752 626 826 impuberibus,
641 770 710 827 quos
726 755 753 808 in
768 759 904 826 potestate
919 752 1033 823 babent,
1050 759 1136 808 testa-

167 844 258 892 mento
281 845 386 893 tutores
407 837 480 892 dare.
517 844 545 892 et
565 837 617 894 boc
638 840 666 894 in
688 835 744 894 filio
765 835 873 910 liliaque
894 836 1049 894 omnimodo
1070 854 1137 910 pro·

167 921 253 992 cedit;
276 921 420 995 nepotibus
442 929 530 977 tamen
546 921 727 996 neptibusque
746 922 783 978 ita
798 921 905 978 demum
925 929 1052 996 parentes
1069 939 1136 995 pos·

166 1013 231 1062 sunt
245 1013 409 1062 testamento
424 1011 531 1061 tutores
546 1005 626 1077 dare,
648 1008 671 1062 si
686 1013 752 1080 post
766 1013 882 1062 mortem
897 1023 991 1062 eorum
1006 1007 1033 1061 in
1048 1007 1136 1082 patris

166 1091 208 1144 sui
229 1097 393 1163 potestatem
414 1105 470 1144 non
490 1090 545 1146 sint
562 1091 691 1146 recasuri.
727 1092 819 1164 itaque
834 1091 857 1145 si
873 1089 943 1146 lilius
958 1099 1022 1145 tuus
1037 1091 1135 1147 mortis
1193 1087 1198 1094 “

166 1181 228 1230 tuae
244 1180 367 1247 tempore
382 1175 409 1229 in
423 1181 561 1247 potestate
578 1181 623 1229 tua
637 1177 688 1247 sit,
705 1182 820 1248 nepotes
836 1191 869 1230 ex
883 1191 916 1230 eo
932 1191 988 1232 non
1002 1183 1136 1250 poterunt

167 1265 330 1314 testamento
350 1265 399 1315 tuo
416 1265 536 1314 tutorem
551 1256 664 1331 habere,
686 1260 805 1334 quamvis
820 1261 848 1316 ln
863 1265 999 1333 potestate
1014 1267 1061 1315 tua
1074 1259 1136 1316 lue·

167 1343 236 1412 rint;
258 1343 362 1399 scilicet
382 1344 444 1416 quia
459 1349 567 1399 mortuo
583 1349 612 1400 te
626 1345 654 1399 iu
674 1345 815 1418 patrissui
835 1349 998 1418 potestatem
1014 1345 1135 1401 recasuri

131 1423 147 1470 4
166 1436 240 1483 sunt.
272 1425 337 1484 Cum
353 1436 443 1484 autem
457 1429 485 1482 in
501 1427 685 1502 compluribus
701 1428 758 1484 aliis
774 1429 861 1484 causis
881 1429 1001 1502 postumi
1014 1445 1066 1503 pro
1081 1430 1135 1483 iam

166 1514 235 1568 natis
258 1511 407 1584 habentur,
431 1520 459 1568 et
478 1513 507 1568 in
527 1513 577 1569 hac
597 1529 676 1570 causa
695 1512 797 1586 placuit
818 1529 874 1568 non
889 1513 978 1568 minin
999 1514 1134 1586 postumis

167 1613 245 1670 quam
266 1599 317 1653 ianr
338 1598 408 1653 natis
430 1604 593 1654 testamento
610 1605 714 1654 tutores
730 1597 786 1652 dari
805 1613 904 1670 posse,
926 1598 950 1652 si
964 1597 1045 1654 modo
1060 1599 1135 1666 inea

166 1697 246 1736 causa
260 1683 331 1752 sint,
353 1689 400 1752 ut⁷
422 1682 445 1736 si
465 1681 531 1736 vivis
551 1681 708 1754 parentibus
723 1691 915 1752 nascerentur,
937 1683 979 1738 sui
999 1689 1027 1736 et
1041 1683 1070 1736 in
1084 1698 1135 1754 po·

133 1769 266 1820 otestate
286 1781 381 1820 eorum
401 1763 506 1820 fierent.
543 1764 597 1820 Sed
615 1766 638 1820 si
659 1759 826 1838 emancipato
850 1764 906 1822 lilio
927 1773 1003 1822 tutor
1024 1783 1038 1820 a
1056 1774 1134 1839 patre

166 1855 330 1906 testamento
346 1848 424 1904 datus
440 1849 537 1920 luerit,
559 1847 758 1906 confirmandus
774 1857 817 1905 est
832 1867 864 1906 ex
879 1852 1012 1906 sententia
1032 1852 1135 1924 praesi-

166 1931 207 1988 dis
224 1932 395 2006 omnimodo,
411 1933 438 1988 id
455 1940 497 1989 est
512 1935 570 1989 sine
584 1935 770 2008 inquisitione.

582 2199 639 2240 TIT.
653 2199 715 2238 XIV.

243 2303 309 2366 our
326 2301 416 2350 naar
434 2299 605 2352 Turonos
625 2279 869 2351 udsrnnuuuo
887 2299 1062 2352 pessuma.

115 2457 150 2496 ar.
232 2437 291 2493 Dari
304 2447 392 2494 autem
407 2446 500 2512 potest
515 2447 591 2495 tutor
605 2455 661 2494 non
671 2439 759 2494 solum
775 2439 975 2512 paterfamilias,
990 2437 1038 2494 sed
1054 2439 1134 2494 etiam

134 2528 146 2574 1
168 2521 363 2578 filiusfamilias.
393 2521 446 2578 Sed
462 2531 489 2578 et
504 2539 598 2579 servus
613 2525 739 2596 proprius
757 2530 918 2580 testamento
934 2539 994 2578 cum
1010 2521 1134 2578 libertate

166 2613 240 2662 recte
262 2615 339 2662 tutor
354 2607 410 2662 dari
431 2615 533 2679 potest.
564 2606 612 2662 sed
627 2607 766 2662 sciendum
781 2615 839 2678 est,
861 2624 922 2663 eum
938 2615 965 2662 et
979 2608 1038 2662 siue
1052 2606 1133 2662 liber-

166 2699 222 2748 tate
234 2699 354 2747 tutorem
364 2691 454 2748 datum
466 2693 546 2748 tacite
559 2699 586 2746 et
601 2690 752 2747 libertatem
764 2691 891 2748 directam
904 2692 1039 2764 accepisse
1050 2689 1133 2746 videri

167 2783 195 2831 et
210 2793 259 2850 per
273 2777 326 2832 hoc
340 2783 414 2832 recte
430 2783 548 2832 tutorem
561 2792 629 2831 esse.
651 2775 730 2848 plane
742 2777 764 2830 si
779 2791 828 2848 per
839 2791 960 2832 errorem
976 2776 1051 2848 quasi
1066 2773 1135 2830 liber

167 2868 244 2915 tutor
259 2861 337 2916 datus
353 2861 405 2931 sit3
420 2859 493 2916 aliud
509 2860 652 2916 dicendum
667 2867 718 2914 est.
740 2875 834 2914 servus
846 2869 936 2915 autem
948 2859 1051 2916 alienus
1067 2875 1133 2932 pure

167 2944 300 3000 inutiliter
315 2944 393 3000 datur
406 2951 570 3001 testamento
586 2952 676 3000 tutor:
692 2942 739 2998 sed
754 2945 790 2998 ita
806 2960 869 3002 cun
883 2961 978 3001 amna
992 2959 1067 3000 auur
1083 2943 1134 2998 uti-

89 3035 90 3040 ’
167 3029 230 3084 liter
245 3027 332 3084 datur.
355 3030 482 3102 proprius
504 3036 593 3084 autem
617 3045 710 3083 servus
730 3027 863 3083 inutiliter
884 3019 936 3084 e0³
952 3027 1033 3083 modo
1055 3026 1134 3082 datur

132 3113 149 3159 2
168 3119 253 3168 tutor.
291 3111 419 3170 Furiosus
435 3113 475 3168 vel
497 3115 585 3169 minor
601 3113 696 3185 viginti
719 3113 838 3184 quinque
859 3113 934 3167 annis
956 3119 1033 3168 tutor
1054 3117 1134 3166 testa-

238 3327 257 3391 1)
277 3329 323 3378 Ere
341 3331 399 3392 Dip.
424 3336 450 3378 et
470 3328 581 3392 Tdeopb.
611 3343 645 3376 ex
669 3341 724 3392 que
746 3328 821 3392 codd.
849 3329 907 3377 edd.
936 3327 1009 3377 Sedr.
1034 3333 1060 3375 et
1083 3325 1133 3376 Kr.

169 3392 191 3462 ²)
210 3396 250 3456 tt.
270 3399 294 3446 3.
313 3397 337 3446 4.
351 3417 384 3437 =
398 3397 455 3448 aar.
475 3399 497 3456 1,
518 3397 575 3446 144.
595 3397 796 3446 mercamur.
853 3392 873 3455 ³)
893 3395 970 3444 =c.
991 3395 1030 3445 14.
1050 3394 1082 3442 n.
1103 3395 1133 3442 ae

170 3469 269 3513 tectam.
289 3469 334 3514 tut.
354 3462 405 3527 (26,
424 3462 450 3527 2)
469 3481 504 3514 eac
522 3464 654 3514 Marciani
671 3465 687 3518 l.
707 3465 722 3512 2
742 3463 822 3512 instit.
