<?xml version="1.0" encoding="UTF-8"?>
<!DOCTYPE html PUBLIC "-//W3C//DTD XHTML 1.0 Transitional//EN"
    "http://www.w3.org/TR/xhtml1/DTD/xhtml1-transitional.dtd">
<html xmlns="http://www.w3.org/1999/xhtml" xml:lang="en" lang="en">
 <head>
  <title>
</title>
<meta http-equiv="Content-Type" content="text/html;charset=utf-8" />
  <meta name='ocr-system' content='tesseract 3.04.00' />
  <meta name='ocr-capabilities' content='ocr_page ocr_carea ocr_par ocr_line ocrx_word'/>
</head>
<body>
  <div class='ocr_page' id='page_1' title='image "./impivstinianiin00huscgoog_0113.png"; bbox 0 0 2484 3916; ppageno 0'>
   <div class='ocr_carea' id='block_1_1' title="bbox 181 187 817 256">
    <p class='ocr_par' dir='ltr' id='par_1_1' title="bbox 181 187 817 256">
     <span class='ocr_line' id='line_1_1' title="bbox 181 187 817 256; baseline 0.005 -15"><span class='ocrx_word' id='word_1_1' title='bbox 181 189 222 256; x_wconf 83' lang='lat'>88</span> <span class='ocrx_word' id='word_1_2' title='bbox 526 205 562 241; x_wconf 72' lang='lat' dir='ltr'>nn</span> <span class='ocrx_word' id='word_1_3' title='bbox 580 203 701 242; x_wconf 77' lang='lat' dir='ltr'>caetera</span> <span class='ocrx_word' id='word_1_4' title='bbox 719 189 756 254; x_wconf 86' lang='lat'>11,</span> <span class='ocrx_word' id='word_1_5' title='bbox 775 187 817 244; x_wconf 62' lang='lat'>20&#39;.</span> 
     </span>
    </p>
   </div>
   <div class='ocr_carea' id='block_1_2' title="bbox 130 340 1158 2952">
    <p class='ocr_par' dir='ltr' id='par_1_2' title="bbox 130 340 1158 2952">
     <span class='ocr_line' id='line_1_2' title="bbox 181 340 1154 420; baseline -0.003 -15"><span class='ocrx_word' id='word_1_6' title='bbox 181 351 315 406; x_wconf 88' lang='lat' dir='ltr'>tutionem</span> <span class='ocrx_word' id='word_1_7' title='bbox 336 349 455 414; x_wconf 87' lang='lat' dir='ltr'>incertus</span> <span class='ocrx_word' id='word_1_8' title='bbox 476 346 532 402; x_wconf 89' lang='lat' dir='ltr'>dari</span> <span class='ocrx_word' id='word_1_9' title='bbox 554 340 665 418; x_wconf 83' lang='lat' dir='ltr'>debet,¹</span> <span class='ocrx_word' id='word_1_10' title='bbox 690 348 751 420; x_wconf 93' lang='lat' dir='ltr'>quia</span> <span class='ocrx_word' id='word_1_11' title='bbox 771 355 847 402; x_wconf 91' lang='lat' dir='ltr'>certo</span> <span class='ocrx_word' id='word_1_12' title='bbox 871 346 971 402; x_wconf 91' lang='lat' dir='ltr'>iudicio</span> <span class='ocrx_word' id='word_1_13' title='bbox 994 345 1077 402; x_wconf 88' lang='lat' dir='ltr'>debet</span> <span class='ocrx_word' id='word_1_14' title='bbox 1093 349 1154 420; x_wconf 88' lang='lat' dir='ltr'>quis</span> 
     </span>
     <span class='ocr_line' id='line_1_3' title="bbox 130 431 1155 508; baseline -0.002 -20"><span class='ocrx_word' id='word_1_15' title='bbox 130 445 163 494; x_wconf 76' lang='lat' dir='ltr'>ee</span> <span class='ocrx_word' id='word_1_16' title='bbox 180 450 231 508; x_wconf 93' lang='lat' dir='ltr'>pro</span> <span class='ocrx_word' id='word_1_17' title='bbox 256 431 339 487; x_wconf 91' lang='lat' dir='ltr'>tutela</span> <span class='ocrx_word' id='word_1_18' title='bbox 362 448 427 487; x_wconf 91' lang='lat' dir='ltr'>suae</span> <span class='ocrx_word' id='word_1_19' title='bbox 450 432 603 505; x_wconf 78' lang='lat' dir='ltr'><strong>posteritati</strong></span> <span class='ocrx_word' id='word_1_20' title='bbox 623 447 725 488; x_wconf 86' lang='lat' dir='ltr'>cavere.</span> <span class='ocrx_word' id='word_1_21' title='bbox 766 437 910 504; x_wconf 87' lang='lat' dir='ltr'><strong>postumus</strong></span> <span class='ocrx_word' id='word_1_22' title='bbox 937 437 1028 488; x_wconf 88' lang='lat' dir='ltr'>autem</span> <span class='ocrx_word' id='word_1_23' title='bbox 1052 431 1155 486; x_wconf 89' lang='lat' dir='ltr'>alienus</span> 
     </span>
     <span class='ocr_line' id='line_1_4' title="bbox 183 515 1157 590; baseline -0.002 -18"><span class='ocrx_word' id='word_1_24' title='bbox 183 517 263 572; x_wconf 89' lang='lat' dir='ltr'>heres</span> <span class='ocrx_word' id='word_1_25' title='bbox 278 517 385 572; x_wconf 87' lang='lat' dir='ltr'>institui</span> <span class='ocrx_word' id='word_1_26' title='bbox 400 523 427 572; x_wconf 91' lang='lat' dir='ltr'>et</span> <span class='ocrx_word' id='word_1_27' title='bbox 442 523 521 572; x_wconf 91' lang='lat' dir='ltr'>antea</span> <span class='ocrx_word' id='word_1_28' title='bbox 534 521 641 589; x_wconf 86' lang='lat' dir='ltr'>poterat</span> <span class='ocrx_word' id='word_1_29' title='bbox 657 521 767 570; x_wconf 90' lang='lat' dir='ltr'>etnunc</span> <span class='ocrx_word' id='word_1_30' title='bbox 781 521 883 590; x_wconf 84' lang='lat' dir='ltr'>potest,</span> <span class='ocrx_word' id='word_1_31' title='bbox 899 516 951 571; x_wconf 83' lang='lat' dir='ltr'>nist</span> <span class='ocrx_word' id='word_1_32' title='bbox 967 517 995 570; x_wconf 89' lang='lat' dir='ltr'>in</span> <span class='ocrx_word' id='word_1_33' title='bbox 1006 523 1089 571; x_wconf 90' lang='lat' dir='ltr'>utero</span> <span class='ocrx_word' id='word_1_34' title='bbox 1101 515 1157 570; x_wconf 89' lang='lat' dir='ltr'>eius</span> 
     </span>
     <span class='ocr_line' id='line_1_5' title="bbox 131 591 1157 674; baseline -0.002 -18"><span class='ocrx_word' id='word_1_35' title='bbox 131 614 163 662; x_wconf 79' lang='lat'>29</span> <span class='ocrx_word' id='word_1_36' title='bbox 182 603 232 671; x_wconf 89' lang='lat' dir='ltr'>sit,</span> <span class='ocrx_word' id='word_1_37' title='bbox 250 617 318 674; x_wconf 92' lang='lat' dir='ltr'>quae</span> <span class='ocrx_word' id='word_1_38' title='bbox 332 601 392 656; x_wconf 93' lang='lat' dir='ltr'>iure</span> <span class='ocrx_word' id='word_1_39' title='bbox 406 593 520 656; x_wconf 83' lang='lat' dir='ltr'>nostra²</span> <span class='ocrx_word' id='word_1_40' title='bbox 541 615 610 655; x_wconf 80' lang='lat' dir='ltr'>uxor</span> <span class='ocrx_word' id='word_1_41' title='bbox 630 615 690 655; x_wconf 83' lang='lat' dir='ltr'>esse</span> <span class='ocrx_word' id='word_1_42' title='bbox 709 615 765 656; x_wconf 93' lang='lat' dir='ltr'>non</span> <span class='ocrx_word' id='word_1_43' title='bbox 785 606 887 673; x_wconf 85' lang='lat' dir='ltr'>potest.</span> <span class='ocrx_word' id='word_1_44' title='bbox 924 598 952 655; x_wconf 90' lang='lat' dir='ltr'>Si</span> <span class='ocrx_word' id='word_1_45' title='bbox 968 591 1052 673; x_wconf 84' lang='lat' dir='ltr'>quis3</span> <span class='ocrx_word' id='word_1_46' title='bbox 1066 601 1096 654; x_wconf 91' lang='lat' dir='ltr'>in</span> <span class='ocrx_word' id='word_1_47' title='bbox 1111 617 1157 655; x_wconf 91' lang='lat' dir='ltr'>uo·</span> 
     </span>
     <span class='ocr_line' id='line_1_6' title="bbox 182 674 1157 759; baseline -0.002 -19"><span class='ocrx_word' id='word_1_48' title='bbox 182 685 265 756; x_wconf 88' lang='lat' dir='ltr'>mine,</span> <span class='ocrx_word' id='word_1_49' title='bbox 281 685 454 759; x_wconf 74' lang='lat' dir='ltr'>cognomine,</span> <span class='ocrx_word' id='word_1_50' title='bbox 465 685 639 758; x_wconf 77' lang='lat' dir='ltr'><strong>praenomine</strong></span> <span class='ocrx_word' id='word_1_51' title='bbox 654 683 779 758; x_wconf 86' lang='lat' dir='ltr'>legatarii</span> <span class='ocrx_word' id='word_1_52' title='bbox 794 685 925 740; x_wconf 91' lang='lat' dir='ltr'>erraverit</span> <span class='ocrx_word' id='word_1_53' title='bbox 942 674 1068 756; x_wconf 86' lang='lat' dir='ltr'>testator,</span> <span class='ocrx_word' id='word_1_54' title='bbox 1086 685 1110 738; x_wconf 91' lang='lat' dir='ltr'>si</span> <span class='ocrx_word' id='word_1_55' title='bbox 1126 683 1157 738; x_wconf 90' lang='lat' dir='ltr'>de</span> 
     </span>
     <span class='ocr_line' id='line_1_7' title="bbox 182 767 1156 843; baseline -0.002 -19"><span class='ocrx_word' id='word_1_56' title='bbox 182 785 300 842; x_wconf 88' lang='lat' dir='ltr'>persona</span> <span class='ocrx_word' id='word_1_57' title='bbox 315 777 438 840; x_wconf 88' lang='lat' dir='ltr'>constat,</span> <span class='ocrx_word' id='word_1_58' title='bbox 455 769 540 826; x_wconf 86' lang='lat' dir='ltr'>nihilo</span> <span class='ocrx_word' id='word_1_59' title='bbox 556 769 645 826; x_wconf 88' lang='lat' dir='ltr'>minus</span> <span class='ocrx_word' id='word_1_60' title='bbox 660 768 731 824; x_wconf 87' lang='lat' dir='ltr'>valet</span> <span class='ocrx_word' id='word_1_61' title='bbox 746 767 877 843; x_wconf 86' lang='lat' dir='ltr'>legatum.</span> <span class='ocrx_word' id='word_1_62' title='bbox 913 767 984 824; x_wconf 89' lang='lat' dir='ltr'>idem</span> <span class='ocrx_word' id='word_1_63' title='bbox 1003 769 1033 824; x_wconf 91' lang='lat' dir='ltr'>in</span> <span class='ocrx_word' id='word_1_64' title='bbox 1048 767 1156 824; x_wconf 89' lang='lat' dir='ltr'>heredi·</span> 
     </span>
     <span class='ocr_line' id='line_1_8' title="bbox 182 850 1156 927; baseline -0.002 -19"><span class='ocrx_word' id='word_1_65' title='bbox 182 854 233 909; x_wconf 91' lang='lat' dir='ltr'>hus</span> <span class='ocrx_word' id='word_1_66' title='bbox 249 861 386 910; x_wconf 87' lang='lat' dir='ltr'>servatur:</span> <span class='ocrx_word' id='word_1_67' title='bbox 402 862 429 910; x_wconf 94' lang='lat' dir='ltr'>et</span> <span class='ocrx_word' id='word_1_68' title='bbox 444 861 533 922; x_wconf 83' lang='lat' dir='ltr'>recte3</span> <span class='ocrx_word' id='word_1_69' title='bbox 549 853 658 908; x_wconf 90' lang='lat' dir='ltr'>nomina</span> <span class='ocrx_word' id='word_1_70' title='bbox 673 853 743 908; x_wconf 91' lang='lat' dir='ltr'>enim</span> <span class='ocrx_word' id='word_1_71' title='bbox 759 850 1000 927; x_wconf 75' lang='lat' dir='ltr'>significandorum</span> <span class='ocrx_word' id='word_1_72' title='bbox 1015 852 1156 908; x_wconf 91' lang='lat' dir='ltr'>homiuum</span> 
     </span>
     <span class='ocr_line' id='line_1_9' title="bbox 184 935 1156 1014; baseline -0.003 -21"><span class='ocrx_word' id='word_1_73' title='bbox 184 939 270 1012; x_wconf 87' lang='lat' dir='ltr'>gratia</span> <span class='ocrx_word' id='word_1_74' title='bbox 285 947 393 1014; x_wconf 89' lang='lat' dir='ltr'>reperta</span> <span class='ocrx_word' id='word_1_75' title='bbox 413 945 494 1009; x_wconf 87' lang='lat' dir='ltr'>sunt,</span> <span class='ocrx_word' id='word_1_76' title='bbox 516 938 561 1010; x_wconf 90' lang='lat' dir='ltr'>qui</span> <span class='ocrx_word' id='word_1_77' title='bbox 582 937 605 992; x_wconf 89' lang='lat' dir='ltr'>si</span> <span class='ocrx_word' id='word_1_78' title='bbox 626 935 749 1010; x_wconf 86' lang='lat' dir='ltr'>quolibet</span> <span class='ocrx_word' id='word_1_79' title='bbox 771 936 823 993; x_wconf 87' lang='lat' dir='ltr'>alio</span> <span class='ocrx_word' id='word_1_80' title='bbox 846 936 929 993; x_wconf 90' lang='lat' dir='ltr'>modo</span> <span class='ocrx_word' id='word_1_81' title='bbox 949 935 1156 1010; x_wconf 82' lang='lat' dir='ltr'>intellegantur,</span> 
     </span>
     <span class='ocr_line' id='line_1_10' title="bbox 132 1019 1156 1096; baseline -0.005 -15"><span class='ocrx_word' id='word_1_82' title='bbox 132 1035 165 1083; x_wconf 76' lang='lat'>30</span> <span class='ocrx_word' id='word_1_83' title='bbox 185 1022 252 1078; x_wconf 91' lang='lat' dir='ltr'>nihil</span> <span class='ocrx_word' id='word_1_84' title='bbox 268 1025 392 1078; x_wconf 88' lang='lat' dir='ltr'>interest.</span> <span class='ocrx_word' id='word_1_85' title='bbox 421 1021 490 1077; x_wconf 82' lang='lat' dir='ltr'>Huic</span> <span class='ocrx_word' id='word_1_86' title='bbox 504 1022 625 1095; x_wconf 80' lang='lat' dir='ltr'>proxima</span> <span class='ocrx_word' id='word_1_87' title='bbox 641 1028 684 1076; x_wconf 92' lang='lat' dir='ltr'>est</span> <span class='ocrx_word' id='word_1_88' title='bbox 699 1019 744 1076; x_wconf 91' lang='lat' dir='ltr'>illa</span> <span class='ocrx_word' id='word_1_89' title='bbox 758 1021 825 1076; x_wconf 85' lang='lat' dir='ltr'>iuris</span> <span class='ocrx_word' id='word_1_90' title='bbox 840 1021 946 1096; x_wconf 83' lang='lat' dir='ltr'>regula,</span> <span class='ocrx_word' id='word_1_91' title='bbox 963 1019 1031 1076; x_wconf 85' lang='lat' dir='ltr'>laisa</span> <span class='ocrx_word' id='word_1_92' title='bbox 1046 1021 1156 1076; x_wconf 89' lang='lat' dir='ltr'>demon·</span> 
     </span>
     <span class='ocr_line' id='line_1_11' title="bbox 183 1103 1156 1180; baseline 0 -19"><span class='ocrx_word' id='word_1_93' title='bbox 183 1107 314 1162; x_wconf 80' lang='lat' dir='ltr'>strattone</span> <span class='ocrx_word' id='word_1_94' title='bbox 339 1107 460 1180; x_wconf 89' lang='lat' dir='ltr'>legatum</span> <span class='ocrx_word' id='word_1_95' title='bbox 484 1122 539 1162; x_wconf 93' lang='lat' dir='ltr'>non</span> <span class='ocrx_word' id='word_1_96' title='bbox 563 1107 684 1179; x_wconf 82' lang='lat' dir='ltr'>peremi,</span> <span class='ocrx_word' id='word_1_97' title='bbox 715 1103 798 1161; x_wconf 90' lang='lat' dir='ltr'>veluti</span> <span class='ocrx_word' id='word_1_98' title='bbox 824 1107 847 1160; x_wconf 91' lang='lat' dir='ltr'>si</span> <span class='ocrx_word' id='word_1_99' title='bbox 875 1107 997 1179; x_wconf 90' lang='lat' dir='ltr'>quisita</span> <span class='ocrx_word' id='word_1_100' title='bbox 1025 1104 1156 1178; x_wconf 82' lang='lat' dir='ltr'>legaverit</span> 
     </span>
     <span class='ocr_line' id='line_1_12' title="bbox 185 1189 1157 1250; baseline 0 -4"><span class='ocrx_word' id='word_1_101' title='bbox 185 1206 323 1248; x_wconf 80' lang='lat' dir='ltr'>errentur</span> <span class='ocrx_word' id='word_1_102' title='bbox 345 1207 468 1250; x_wconf 78' lang='lat' dir='ltr'>saevum</span> <span class='ocrx_word' id='word_1_103' title='bbox 488 1207 577 1248; x_wconf 81' lang='lat' dir='ltr'>unum</span> <span class='ocrx_word' id='word_1_104' title='bbox 598 1205 725 1248; x_wconf 76' lang='lat' dir='ltr'>vervum</span> <span class='ocrx_word' id='word_1_105' title='bbox 739 1205 782 1247; x_wconf 83' lang='lat' dir='ltr'>no</span> <span class='ocrx_word' id='word_1_106' title='bbox 797 1205 896 1247; x_wconf 75' lang='lat' dir='ltr'>aeuo:</span> <span class='ocrx_word' id='word_1_107' title='bbox 923 1189 988 1246; x_wconf 92' lang='lat' dir='ltr'>licet</span> <span class='ocrx_word' id='word_1_108' title='bbox 1008 1191 1082 1245; x_wconf 91' lang='lat' dir='ltr'>enim</span> <span class='ocrx_word' id='word_1_109' title='bbox 1104 1207 1157 1246; x_wconf 91' lang='lat' dir='ltr'>nou</span> 
     </span>
     <span class='ocr_line' id='line_1_13' title="bbox 182 1273 1156 1349; baseline -0.001 -20"><span class='ocrx_word' id='word_1_110' title='bbox 182 1289 280 1345; x_wconf 89' lang='lat' dir='ltr'>verna,</span> <span class='ocrx_word' id='word_1_111' title='bbox 296 1275 345 1330; x_wconf 89' lang='lat' dir='ltr'>sed</span> <span class='ocrx_word' id='word_1_112' title='bbox 359 1283 466 1349; x_wconf 91' lang='lat' dir='ltr'>emptus</span> <span class='ocrx_word' id='word_1_113' title='bbox 481 1277 532 1347; x_wconf 92' lang='lat' dir='ltr'>sit,</span> <span class='ocrx_word' id='word_1_114' title='bbox 555 1274 589 1330; x_wconf 91' lang='lat' dir='ltr'>de</span> <span class='ocrx_word' id='word_1_115' title='bbox 605 1290 683 1330; x_wconf 91' lang='lat' dir='ltr'>serve</span> <span class='ocrx_word' id='word_1_116' title='bbox 700 1282 789 1330; x_wconf 90' lang='lat' dir='ltr'>tamen</span> <span class='ocrx_word' id='word_1_117' title='bbox 803 1283 926 1347; x_wconf 88' lang='lat' dir='ltr'>constat,</span> <span class='ocrx_word' id='word_1_118' title='bbox 942 1273 1009 1330; x_wconf 89' lang='lat' dir='ltr'>utile</span> <span class='ocrx_word' id='word_1_119' title='bbox 1024 1281 1068 1329; x_wconf 87' lang='lat' dir='ltr'>est</span> <span class='ocrx_word' id='word_1_120' title='bbox 1084 1274 1156 1348; x_wconf 82' lang='lat' dir='ltr'>lega-</span> 
     </span>
     <span class='ocr_line' id='line_1_14' title="bbox 182 1358 1155 1429; baseline 0.002 -15"><span class='ocrx_word' id='word_1_121' title='bbox 182 1367 251 1414; x_wconf 91' lang='lat' dir='ltr'>tum.</span> <span class='ocrx_word' id='word_1_122' title='bbox 283 1367 311 1415; x_wconf 91' lang='lat' dir='ltr'>et</span> <span class='ocrx_word' id='word_1_123' title='bbox 327 1361 519 1416; x_wconf 87' lang='lat' dir='ltr'>convenienter</span> <span class='ocrx_word' id='word_1_124' title='bbox 534 1360 556 1414; x_wconf 92' lang='lat' dir='ltr'>si</span> <span class='ocrx_word' id='word_1_125' title='bbox 573 1361 610 1415; x_wconf 87' lang='lat' dir='ltr'>ita</span> <span class='ocrx_word' id='word_1_126' title='bbox 625 1358 852 1414; x_wconf 82' lang='lat' dir='ltr'>demonstraverit</span> <span class='ocrx_word' id='word_1_127' title='bbox 867 1373 1006 1417; x_wconf 80' lang='lat' dir='ltr'>smenon</span> <span class='ocrx_word' id='word_1_128' title='bbox 1019 1374 1155 1429; x_wconf 76' lang='lat' dir='ltr'>serven,</span> 
     </span>
     <span class='ocr_line' id='line_1_15' title="bbox 186 1440 1157 1518; baseline -0.005 -16"><span class='ocrx_word' id='word_1_129' title='bbox 186 1459 273 1508; x_wconf 81' lang='lat' dir='ltr'>ouem</span> <span class='ocrx_word' id='word_1_130' title='bbox 289 1461 309 1500; x_wconf 78' lang='lat' dir='ltr'>a</span> <span class='ocrx_word' id='word_1_131' title='bbox 325 1459 395 1502; x_wconf 86' lang='lat' dir='ltr'>emo</span> <span class='ocrx_word' id='word_1_132' title='bbox 411 1459 478 1516; x_wconf 82' lang='lat' dir='ltr'>nur,</span> <span class='ocrx_word' id='word_1_133' title='bbox 493 1445 584 1518; x_wconf 89' lang='lat' dir='ltr'>sitque</span> <span class='ocrx_word' id='word_1_134' title='bbox 599 1441 631 1499; x_wconf 90' lang='lat' dir='ltr'>ah</span> <span class='ocrx_word' id='word_1_135' title='bbox 646 1440 698 1499; x_wconf 89' lang='lat' dir='ltr'>alio</span> <span class='ocrx_word' id='word_1_136' title='bbox 715 1451 832 1516; x_wconf 87' lang='lat' dir='ltr'>emptus,</span> <span class='ocrx_word' id='word_1_137' title='bbox 848 1443 914 1500; x_wconf 89' lang='lat' dir='ltr'>utile</span> <span class='ocrx_word' id='word_1_138' title='bbox 928 1443 1050 1518; x_wconf 87' lang='lat' dir='ltr'>legatum</span> <span class='ocrx_word' id='word_1_139' title='bbox 1064 1451 1120 1513; x_wconf 88' lang='lat' dir='ltr'>est,</span> <span class='ocrx_word' id='word_1_140' title='bbox 1136 1445 1157 1498; x_wconf 89' lang='lat' dir='ltr'>si</span> 
     </span>
     <span class='ocr_line' id='line_1_16' title="bbox 133 1526 1156 1603; baseline -0.006 -15"><span class='ocrx_word' id='word_1_141' title='bbox 133 1541 164 1590; x_wconf 87' lang='lat'>31</span> <span class='ocrx_word' id='word_1_142' title='bbox 184 1528 313 1585; x_wconf 91' lang='lat' dir='ltr'>deservo</span> <span class='ocrx_word' id='word_1_143' title='bbox 329 1538 444 1586; x_wconf 88' lang='lat' dir='ltr'>constat.</span> <span class='ocrx_word' id='word_1_144' title='bbox 480 1527 574 1603; x_wconf 87' lang='lat' dir='ltr'>Longe</span> <span class='ocrx_word' id='word_1_145' title='bbox 595 1529 680 1601; x_wconf 86' lang='lat' dir='ltr'>magis</span> <span class='ocrx_word' id='word_1_146' title='bbox 700 1528 792 1602; x_wconf 89' lang='lat' dir='ltr'>legato</span> <span class='ocrx_word' id='word_1_147' title='bbox 813 1526 878 1583; x_wconf 82' lang='lat' dir='ltr'>falsa</span> <span class='ocrx_word' id='word_1_148' title='bbox 899 1543 978 1584; x_wconf 86' lang='lat' dir='ltr'>causa</span> <span class='ocrx_word' id='word_1_149' title='bbox 993 1544 1049 1584; x_wconf 92' lang='lat' dir='ltr'>non</span> <span class='ocrx_word' id='word_1_150' title='bbox 1064 1537 1156 1583; x_wconf 89' lang='lat' dir='ltr'>nocet.</span> 
     </span>
     <span class='ocr_line' id='line_1_17' title="bbox 184 1611 1158 1686; baseline 0.001 -19"><span class='ocrx_word' id='word_1_151' title='bbox 184 1611 268 1668; x_wconf 89' lang='lat' dir='ltr'>veluti</span> <span class='ocrx_word' id='word_1_152' title='bbox 283 1630 344 1670; x_wconf 91' lang='lat' dir='ltr'>cum</span> <span class='ocrx_word' id='word_1_153' title='bbox 359 1615 396 1669; x_wconf 91' lang='lat' dir='ltr'>ita</span> <span class='ocrx_word' id='word_1_154' title='bbox 407 1616 468 1686; x_wconf 90' lang='lat' dir='ltr'>quis</span> <span class='ocrx_word' id='word_1_155' title='bbox 480 1612 591 1669; x_wconf 76' lang='lat' dir='ltr'>dixerit:</span> <span class='ocrx_word' id='word_1_156' title='bbox 608 1628 707 1684; x_wconf 85' lang='lat' dir='ltr'>rrrro,</span> <span class='ocrx_word' id='word_1_157' title='bbox 722 1628 799 1676; x_wconf 81' lang='lat' dir='ltr'>euru</span> <span class='ocrx_word' id='word_1_158' title='bbox 809 1627 950 1670; x_wconf 73' lang='lat' dir='ltr'>nesam</span> <span class='ocrx_word' id='word_1_159' title='bbox 961 1631 1004 1670; x_wconf 80' lang='lat' dir='ltr'>am</span> <span class='ocrx_word' id='word_1_160' title='bbox 1016 1627 1158 1670; x_wconf 76' lang='lat' dir='ltr'>ureorm</span> 
     </span>
     <span class='ocr_line' id='line_1_18' title="bbox 183 1696 1158 1769; baseline -0.001 -13"><span class='ocrx_word' id='word_1_161' title='bbox 183 1714 248 1756; x_wconf 78' lang='lat' dir='ltr'>nea</span> <span class='ocrx_word' id='word_1_162' title='bbox 261 1713 407 1769; x_wconf 77' lang='lat' dir='ltr'>eernvrr,</span> <span class='ocrx_word' id='word_1_163' title='bbox 421 1713 557 1755; x_wconf 80' lang='lat' dir='ltr'>erronum</span> <span class='ocrx_word' id='word_1_164' title='bbox 567 1712 609 1753; x_wconf 81' lang='lat' dir='ltr'>no</span> <span class='ocrx_word' id='word_1_165' title='bbox 619 1711 715 1768; x_wconf 73' lang='lat' dir='ltr'>cneo,</span> <span class='ocrx_word' id='word_1_166' title='bbox 726 1696 769 1752; x_wconf 90' lang='lat' dir='ltr'>vel</span> <span class='ocrx_word' id='word_1_167' title='bbox 780 1697 830 1752; x_wconf 88' lang='lat' dir='ltr'>ita:</span> <span class='ocrx_word' id='word_1_168' title='bbox 843 1701 1158 1768; x_wconf 71' lang='lat' dir='ltr'>rrrro,eu1n&#39;rarao·</span> 
     </span>
     <span class='ocr_line' id='line_1_19' title="bbox 185 1795 1157 1853; baseline -0.002 -13"><span class='ocrx_word' id='word_1_169' title='bbox 185 1797 272 1840; x_wconf 84' lang='lat' dir='ltr'>erruo</span> <span class='ocrx_word' id='word_1_170' title='bbox 287 1795 360 1837; x_wconf 80' lang='lat' dir='ltr'>urus</span> <span class='ocrx_word' id='word_1_171' title='bbox 376 1797 523 1838; x_wconf 75' lang='lat' dir='ltr'>cararum</span> <span class='ocrx_word' id='word_1_172' title='bbox 539 1797 668 1838; x_wconf 76' lang='lat' dir='ltr'>emmae</span> <span class='ocrx_word' id='word_1_173' title='bbox 679 1797 855 1840; x_wconf 74' lang='lat' dir='ltr'>amuranus</span> <span class='ocrx_word' id='word_1_174' title='bbox 871 1797 943 1853; x_wconf 84' lang='lat' dir='ltr'>suu,</span> <span class='ocrx_word' id='word_1_175' title='bbox 960 1797 1100 1839; x_wconf 77' lang='lat' dir='ltr'>smenon</span> <span class='ocrx_word' id='word_1_176' title='bbox 1114 1798 1157 1839; x_wconf 85' lang='lat' dir='ltr'>uo</span> 
     </span>
     <span class='ocr_line' id='line_1_20' title="bbox 183 1863 1158 1940; baseline -0.001 -17"><span class='ocrx_word' id='word_1_177' title='bbox 183 1879 283 1923; x_wconf 76' lang='lat' dir='ltr'>unco:</span> <span class='ocrx_word' id='word_1_178' title='bbox 299 1863 363 1919; x_wconf 85' lang='lat' dir='ltr'>licet</span> <span class='ocrx_word' id='word_1_179' title='bbox 378 1866 448 1920; x_wconf 90' lang='lat' dir='ltr'>enim</span> <span class='ocrx_word' id='word_1_180' title='bbox 460 1881 549 1938; x_wconf 92' lang='lat' dir='ltr'>neque</span> <span class='ocrx_word' id='word_1_181' title='bbox 560 1866 671 1938; x_wconf 87' lang='lat' dir='ltr'>negotia</span> <span class='ocrx_word' id='word_1_182' title='bbox 686 1867 825 1922; x_wconf 87' lang='lat' dir='ltr'>testatoris</span> <span class='ocrx_word' id='word_1_183' title='bbox 837 1883 962 1940; x_wconf 88' lang='lat' dir='ltr'>umquam</span> <span class='ocrx_word' id='word_1_184' title='bbox 974 1867 1060 1940; x_wconf 84' lang='lat' dir='ltr'>gessit</span> <span class='ocrx_word' id='word_1_185' title='bbox 1070 1865 1158 1922; x_wconf 84' lang='lat' dir='ltr'>Titius</span> 
     </span>
     <span class='ocr_line' id='line_1_21' title="bbox 184 1947 1156 2025; baseline 0 -19"><span class='ocrx_word' id='word_1_186' title='bbox 184 1965 273 2022; x_wconf 90' lang='lat' dir='ltr'>neque</span> <span class='ocrx_word' id='word_1_187' title='bbox 289 1950 440 2023; x_wconf 86' lang='lat' dir='ltr'>patrocinio</span> <span class='ocrx_word' id='word_1_188' title='bbox 456 1951 514 2005; x_wconf 90' lang='lat' dir='ltr'>eius</span> <span class='ocrx_word' id='word_1_189' title='bbox 530 1947 659 2004; x_wconf 88' lang='lat' dir='ltr'>liberatus</span> <span class='ocrx_word' id='word_1_190' title='bbox 676 1957 734 2020; x_wconf 89' lang='lat' dir='ltr'>est,</span> <span class='ocrx_word' id='word_1_191' title='bbox 755 1949 875 2025; x_wconf 88' lang='lat' dir='ltr'>legatum</span> <span class='ocrx_word' id='word_1_192' title='bbox 890 1958 981 2006; x_wconf 86' lang='lat' dir='ltr'>tamen</span> <span class='ocrx_word' id='word_1_193' title='bbox 997 1950 1076 2006; x_wconf 91' lang='lat' dir='ltr'>vaiet.</span> <span class='ocrx_word' id='word_1_194' title='bbox 1107 1950 1156 2006; x_wconf 90' lang='lat' dir='ltr'>sed</span> 
     </span>
     <span class='ocr_line' id='line_1_22' title="bbox 185 2032 1158 2106; baseline 0.001 -17"><span class='ocrx_word' id='word_1_195' title='bbox 185 2035 207 2090; x_wconf 95' lang='lat' dir='ltr'>si</span> <span class='ocrx_word' id='word_1_196' title='bbox 224 2033 447 2090; x_wconf 90' lang='lat' dir='ltr'>condicionaliter</span> <span class='ocrx_word' id='word_1_197' title='bbox 463 2035 601 2090; x_wconf 89' lang='lat' dir='ltr'>enuntiata</span> <span class='ocrx_word' id='word_1_198' title='bbox 616 2032 698 2090; x_wconf 88' lang='lat' dir='ltr'>luerit</span> <span class='ocrx_word' id='word_1_199' title='bbox 713 2050 806 2104; x_wconf 89' lang='lat' dir='ltr'>causa,</span> <span class='ocrx_word' id='word_1_200' title='bbox 822 2034 895 2090; x_wconf 88' lang='lat' dir='ltr'>aliud</span> <span class='ocrx_word' id='word_1_201' title='bbox 909 2035 976 2090; x_wconf 88' lang='lat' dir='ltr'>iuris</span> <span class='ocrx_word' id='word_1_202' title='bbox 993 2041 1050 2106; x_wconf 91' lang='lat' dir='ltr'>est,</span> <span class='ocrx_word' id='word_1_203' title='bbox 1072 2035 1158 2091; x_wconf 87' lang='lat' dir='ltr'>veluti</span> 
     </span>
     <span class='ocr_line' id='line_1_23' title="bbox 185 2111 1157 2191; baseline -0.001 -15"><span class='ocrx_word' id='word_1_204' title='bbox 185 2120 237 2176; x_wconf 89' lang='lat' dir='ltr'>hoc</span> <span class='ocrx_word' id='word_1_205' title='bbox 251 2118 347 2176; x_wconf 93' lang='lat' dir='ltr'>modo:</span> <span class='ocrx_word' id='word_1_206' title='bbox 369 2133 520 2191; x_wconf 86' lang='lat' dir='ltr'>r1r10,e1</span> <span class='ocrx_word' id='word_1_207' title='bbox 539 2133 679 2176; x_wconf 76' lang='lat' dir='ltr'>ueeorru</span> <span class='ocrx_word' id='word_1_208' title='bbox 694 2134 759 2176; x_wconf 79' lang='lat' dir='ltr'>ura</span> <span class='ocrx_word' id='word_1_209' title='bbox 774 2111 941 2188; x_wconf 80' lang='lat' dir='ltr'>cernv1r,⁴</span> <span class='ocrx_word' id='word_1_210' title='bbox 962 2135 1092 2178; x_wconf 73' lang='lat' dir='ltr'>eunoun</span> <span class='ocrx_word' id='word_1_211' title='bbox 1113 2135 1157 2176; x_wconf 85' lang='lat' dir='ltr'>no</span> 
     </span>
     <span class='ocr_line' id='line_1_24' title="bbox 133 2197 1158 2277; baseline -0.005 -13"><span class='ocrx_word' id='word_1_212' title='bbox 133 2215 166 2264; x_wconf 80' lang='lat'>32</span> <span class='ocrx_word' id='word_1_213' title='bbox 183 2221 278 2264; x_wconf 72' lang='lat' dir='ltr'>oneo</span> <span class='ocrx_word' id='word_1_214' title='bbox 311 2197 371 2259; x_wconf 79' lang='lat' dir='ltr'>⁵dn</span> <span class='ocrx_word' id='word_1_215' title='bbox 385 2220 464 2260; x_wconf 90' lang='lat' dir='ltr'>servo</span> <span class='ocrx_word' id='word_1_216' title='bbox 485 2203 593 2259; x_wconf 90' lang='lat' dir='ltr'>heredis</span> <span class='ocrx_word' id='word_1_217' title='bbox 613 2211 687 2259; x_wconf 89' lang='lat' dir='ltr'>recte</span> <span class='ocrx_word' id='word_1_218' title='bbox 702 2203 840 2277; x_wconf 89' lang='lat' dir='ltr'>legamus,</span> <span class='ocrx_word' id='word_1_219' title='bbox 864 2203 1013 2276; x_wconf 88' lang='lat' dir='ltr'>quaeritur.</span> <span class='ocrx_word' id='word_1_220' title='bbox 1049 2209 1078 2259; x_wconf 89' lang='lat' dir='ltr'>et</span> <span class='ocrx_word' id='word_1_221' title='bbox 1093 2221 1158 2260; x_wconf 90' lang='lat' dir='ltr'>con-</span> 
     </span>
     <span class='ocr_line' id='line_1_25' title="bbox 184 2285 1158 2363; baseline -0.002 -18"><span class='ocrx_word' id='word_1_222' title='bbox 184 2298 249 2360; x_wconf 89' lang='lat' dir='ltr'>stat,</span> <span class='ocrx_word' id='word_1_223' title='bbox 264 2305 332 2363; x_wconf 91' lang='lat' dir='ltr'>pure</span> <span class='ocrx_word' id='word_1_224' title='bbox 346 2289 479 2344; x_wconf 88' lang='lat' dir='ltr'>inutiliter</span> <span class='ocrx_word' id='word_1_225' title='bbox 492 2287 578 2361; x_wconf 88' lang='lat' dir='ltr'>legari</span> <span class='ocrx_word' id='word_1_226' title='bbox 590 2303 640 2342; x_wconf 94' lang='lat' dir='ltr'>nec</span> <span class='ocrx_word' id='word_1_227' title='bbox 651 2287 795 2362; x_wconf 84' lang='lat' dir='ltr'>quidquam</span> <span class='ocrx_word' id='word_1_228' title='bbox 804 2285 948 2361; x_wconf 87' lang='lat' dir='ltr'>proficere,</span> <span class='ocrx_word' id='word_1_229' title='bbox 963 2289 987 2344; x_wconf 88' lang='lat' dir='ltr'>sl</span> <span class='ocrx_word' id='word_1_230' title='bbox 997 2289 1057 2343; x_wconf 90' lang='lat' dir='ltr'>vivo</span> <span class='ocrx_word' id='word_1_231' title='bbox 1075 2295 1158 2344; x_wconf 82' lang='lat' dir='ltr'>testa·</span> 
     </span>
     <span class='ocr_line' id='line_1_26' title="bbox 184 2371 1156 2446; baseline 0 -18"><span class='ocrx_word' id='word_1_232' title='bbox 184 2381 246 2428; x_wconf 90' lang='lat' dir='ltr'>tore</span> <span class='ocrx_word' id='word_1_233' title='bbox 267 2372 300 2426; x_wconf 92' lang='lat' dir='ltr'>de</span> <span class='ocrx_word' id='word_1_234' title='bbox 315 2379 451 2444; x_wconf 87' lang='lat' dir='ltr'>potestate</span> <span class='ocrx_word' id='word_1_235' title='bbox 467 2371 574 2426; x_wconf 90' lang='lat' dir='ltr'>heredis</span> <span class='ocrx_word' id='word_1_236' title='bbox 590 2371 701 2444; x_wconf 78' lang='lat' dir='ltr'>exierit,</span> <span class='ocrx_word' id='word_1_237' title='bbox 717 2373 779 2446; x_wconf 91' lang='lat' dir='ltr'>quia</span> <span class='ocrx_word' id='word_1_238' title='bbox 794 2371 868 2446; x_wconf 91' lang='lat' dir='ltr'>quod</span> <span class='ocrx_word' id='word_1_239' title='bbox 882 2372 979 2428; x_wconf 90' lang='lat' dir='ltr'>inutile</span> <span class='ocrx_word' id='word_1_240' title='bbox 994 2371 1068 2428; x_wconf 89' lang='lat' dir='ltr'>ioret</span> <span class='ocrx_word' id='word_1_241' title='bbox 1082 2372 1156 2446; x_wconf 86' lang='lat' dir='ltr'>lega·</span> 
     </span>
     <span class='ocr_line' id='line_1_27' title="bbox 184 2454 1156 2528; baseline -0.001 -16"><span class='ocrx_word' id='word_1_242' title='bbox 184 2465 258 2526; x_wconf 87' lang='lat' dir='ltr'>tum,</span> <span class='ocrx_word' id='word_1_243' title='bbox 280 2455 303 2508; x_wconf 89' lang='lat' dir='ltr'>si</span> <span class='ocrx_word' id='word_1_244' title='bbox 324 2456 414 2508; x_wconf 90' lang='lat' dir='ltr'>statim</span> <span class='ocrx_word' id='word_1_245' title='bbox 436 2461 499 2527; x_wconf 90' lang='lat' dir='ltr'>post</span> <span class='ocrx_word' id='word_1_246' title='bbox 520 2454 620 2510; x_wconf 87' lang='lat' dir='ltr'>lactum</span> <span class='ocrx_word' id='word_1_247' title='bbox 637 2463 827 2511; x_wconf 89' lang='lat' dir='ltr'>testamentum</span> <span class='ocrx_word' id='word_1_248' title='bbox 848 2455 1010 2512; x_wconf 81' lang='lat' dir='ltr'>decessisset</span> <span class='ocrx_word' id='word_1_249' title='bbox 1032 2463 1156 2528; x_wconf 88' lang='lat' dir='ltr'>testator,</span> 
     </span>
     <span class='ocr_line' id='line_1_28' title="bbox 185 2536 1155 2612; baseline 0 -16"><span class='ocrx_word' id='word_1_250' title='bbox 185 2541 238 2596; x_wconf 92' lang='lat' dir='ltr'>hoc</span> <span class='ocrx_word' id='word_1_251' title='bbox 253 2553 309 2594; x_wconf 91' lang='lat' dir='ltr'>non</span> <span class='ocrx_word' id='word_1_252' title='bbox 324 2536 405 2594; x_wconf 89' lang='lat' dir='ltr'>dehet</span> <span class='ocrx_word' id='word_1_253' title='bbox 419 2537 480 2594; x_wconf 90' lang='lat' dir='ltr'>ideo</span> <span class='ocrx_word' id='word_1_254' title='bbox 496 2537 601 2610; x_wconf 90' lang='lat' dir='ltr'>valere,</span> <span class='ocrx_word' id='word_1_255' title='bbox 624 2541 685 2612; x_wconf 89' lang='lat' dir='ltr'>quia</span> <span class='ocrx_word' id='word_1_256' title='bbox 707 2540 808 2596; x_wconf 89' lang='lat' dir='ltr'>diutius</span> <span class='ocrx_word' id='word_1_257' title='bbox 832 2547 948 2596; x_wconf 89' lang='lat' dir='ltr'>testator</span> <span class='ocrx_word' id='word_1_258' title='bbox 967 2541 1074 2596; x_wconf 84' lang='lat' dir='ltr'>vixerit.</span> <span class='ocrx_word' id='word_1_259' title='bbox 1106 2539 1155 2596; x_wconf 89' lang='lat' dir='ltr'>suh</span> 
     </span>
     <span class='ocr_line' id='line_1_29' title="bbox 185 2622 1156 2700; baseline 0 -20"><span class='ocrx_word' id='word_1_260' title='bbox 185 2622 344 2680; x_wconf 90' lang='lat' dir='ltr'>condicione</span> <span class='ocrx_word' id='word_1_261' title='bbox 359 2639 424 2678; x_wconf 91' lang='lat' dir='ltr'>vero</span> <span class='ocrx_word' id='word_1_262' title='bbox 440 2629 514 2679; x_wconf 90' lang='lat' dir='ltr'>recte</span> <span class='ocrx_word' id='word_1_263' title='bbox 529 2623 646 2697; x_wconf 89' lang='lat' dir='ltr'>legatur,</span> <span class='ocrx_word' id='word_1_264' title='bbox 662 2631 693 2680; x_wconf 90' lang='lat' dir='ltr'>ut</span> <span class='ocrx_word' id='word_1_265' title='bbox 706 2626 886 2698; x_wconf 87' lang='lat' dir='ltr'>requiramus,</span> <span class='ocrx_word' id='word_1_266' title='bbox 902 2641 945 2696; x_wconf 90' lang='lat' dir='ltr'>an,</span> <span class='ocrx_word' id='word_1_267' title='bbox 962 2641 1017 2698; x_wconf 91' lang='lat' dir='ltr'>quo</span> <span class='ocrx_word' id='word_1_268' title='bbox 1034 2633 1156 2700; x_wconf 90' lang='lat' dir='ltr'>tempore</span> 
     </span>
     <span class='ocr_line' id='line_1_30' title="bbox 135 2707 1156 2783; baseline -0.003 -14"><span class='ocrx_word' id='word_1_269' title='bbox 135 2721 167 2772; x_wconf 79' lang='lat'>33</span> <span class='ocrx_word' id='word_1_270' title='bbox 186 2709 242 2766; x_wconf 89' lang='lat' dir='ltr'>dies</span> <span class='ocrx_word' id='word_1_271' title='bbox 258 2708 342 2783; x_wconf 89' lang='lat' dir='ltr'>legati</span> <span class='ocrx_word' id='word_1_272' title='bbox 352 2709 432 2781; x_wconf 82' lang='lat' dir='ltr'>cedit,</span> <span class='ocrx_word' id='word_1_273' title='bbox 442 2709 470 2764; x_wconf 91' lang='lat' dir='ltr'>in</span> <span class='ocrx_word' id='word_1_274' title='bbox 482 2715 618 2782; x_wconf 85' lang='lat' dir='ltr'>potestate</span> <span class='ocrx_word' id='word_1_275' title='bbox 629 2708 737 2764; x_wconf 89' lang='lat' dir='ltr'>heredis</span> <span class='ocrx_word' id='word_1_276' title='bbox 748 2725 804 2764; x_wconf 93' lang='lat' dir='ltr'>non</span> <span class='ocrx_word' id='word_1_277' title='bbox 816 2710 860 2765; x_wconf 75' lang='lat' dir='ltr'>sit,</span> <span class='ocrx_word' id='word_1_278' title='bbox 887 2707 925 2764; x_wconf 86' lang='lat' dir='ltr'>Ex</span> <span class='ocrx_word' id='word_1_279' title='bbox 937 2707 1044 2766; x_wconf 91' lang='lat' dir='ltr'>diverso</span> <span class='ocrx_word' id='word_1_280' title='bbox 1057 2709 1156 2766; x_wconf 86' lang='lat' dir='ltr'>herede</span> 
     </span>
     <span class='ocr_line' id='line_1_31' title="bbox 184 2791 1156 2869; baseline 0.002 -21"><span class='ocrx_word' id='word_1_281' title='bbox 184 2793 311 2849; x_wconf 90' lang='lat' dir='ltr'>instituto</span> <span class='ocrx_word' id='word_1_282' title='bbox 327 2809 416 2864; x_wconf 90' lang='lat' dir='ltr'>servo,</span> <span class='ocrx_word' id='word_1_283' title='bbox 438 2794 503 2867; x_wconf 86' lang='lat' dir='ltr'>quin</span> <span class='ocrx_word' id='word_1_284' title='bbox 521 2791 631 2848; x_wconf 91' lang='lat' dir='ltr'>domiuo</span> <span class='ocrx_word' id='word_1_285' title='bbox 647 2801 721 2849; x_wconf 90' lang='lat' dir='ltr'>recte</span> <span class='ocrx_word' id='word_1_286' title='bbox 737 2794 816 2849; x_wconf 87' lang='lat' dir='ltr'>etiam</span> <span class='ocrx_word' id='word_1_287' title='bbox 831 2795 890 2850; x_wconf 89' lang='lat' dir='ltr'>sine</span> <span class='ocrx_word' id='word_1_288' title='bbox 905 2792 1066 2852; x_wconf 88' lang='lat' dir='ltr'>condicione</span> <span class='ocrx_word' id='word_1_289' title='bbox 1082 2793 1156 2869; x_wconf 87' lang='lat' dir='ltr'>lege-</span> 
     </span>
     <span class='ocr_line' id='line_1_32' title="bbox 186 2875 1155 2952; baseline 0.004 -22"><span class='ocrx_word' id='word_1_290' title='bbox 186 2883 241 2946; x_wconf 82' lang='lat' dir='ltr'>tur,</span> <span class='ocrx_word' id='word_1_291' title='bbox 257 2893 312 2933; x_wconf 91' lang='lat' dir='ltr'>non</span> <span class='ocrx_word' id='word_1_292' title='bbox 327 2875 474 2932; x_wconf 89' lang='lat' dir='ltr'>dubitatur.</span> <span class='ocrx_word' id='word_1_293' title='bbox 507 2893 566 2932; x_wconf 93' lang='lat' dir='ltr'>uam</span> <span class='ocrx_word' id='word_1_294' title='bbox 582 2885 609 2932; x_wconf 93' lang='lat' dir='ltr'>et</span> <span class='ocrx_word' id='word_1_295' title='bbox 625 2878 646 2932; x_wconf 85' lang='lat' dir='ltr'>si</span> <span class='ocrx_word' id='word_1_296' title='bbox 662 2879 752 2932; x_wconf 90' lang='lat' dir='ltr'>statim</span> <span class='ocrx_word' id='word_1_297' title='bbox 767 2886 832 2952; x_wconf 88' lang='lat' dir='ltr'>post</span> <span class='ocrx_word' id='word_1_298' title='bbox 846 2877 946 2934; x_wconf 87' lang='lat' dir='ltr'>iactum</span> <span class='ocrx_word' id='word_1_299' title='bbox 962 2885 1155 2936; x_wconf 87' lang='lat' dir='ltr'>testamentum</span> 
     </span>
    </p>
   </div>
   <div class='ocr_carea' id='block_1_3' title="bbox 184 2954 1156 3122">
    <p class='ocr_par' dir='ltr' id='par_1_3' title="bbox 184 2954 1156 3122">
     <span class='ocr_line' id='line_1_33' title="bbox 185 2954 1155 3037; baseline 0.003 -22"><span class='ocrx_word' id='word_1_300' title='bbox 185 2960 334 3016; x_wconf 88' lang='lat' dir='ltr'>decesserit</span> <span class='ocrx_word' id='word_1_301' title='bbox 349 2968 480 3033; x_wconf 89' lang='lat' dir='ltr'>testator,</span> <span class='ocrx_word' id='word_1_302' title='bbox 501 2954 662 3017; x_wconf 80' lang='lat' dir='ltr'>nontamen</span> <span class='ocrx_word' id='word_1_303' title='bbox 681 2961 753 3035; x_wconf 90' lang='lat' dir='ltr'>apud</span> <span class='ocrx_word' id='word_1_304' title='bbox 774 2978 851 3034; x_wconf 90' lang='lat' dir='ltr'>eum,</span> <span class='ocrx_word' id='word_1_305' title='bbox 874 2964 920 3037; x_wconf 90' lang='lat' dir='ltr'>qui</span> <span class='ocrx_word' id='word_1_306' title='bbox 935 2963 1015 3020; x_wconf 90' lang='lat' dir='ltr'>heres</span> <span class='ocrx_word' id='word_1_307' title='bbox 1032 2965 1084 3036; x_wconf 81' lang='lat' dir='ltr'>sit,</span> <span class='ocrx_word' id='word_1_308' title='bbox 1101 2963 1155 3018; x_wconf 91' lang='lat' dir='ltr'>dies</span> 
     </span>
     <span class='ocr_line' id='line_1_34' title="bbox 184 3044 1156 3122; baseline -0.001 -21"><span class='ocrx_word' id='word_1_309' title='bbox 184 3045 268 3118; x_wconf 91' lang='lat' dir='ltr'>legati</span> <span class='ocrx_word' id='word_1_310' title='bbox 284 3044 379 3100; x_wconf 89' lang='lat' dir='ltr'>cedere</span> <span class='ocrx_word' id='word_1_311' title='bbox 394 3045 579 3121; x_wconf 86' lang='lat' dir='ltr'>intellegitur,</span> <span class='ocrx_word' id='word_1_312' title='bbox 601 3063 661 3102; x_wconf 93' lang='lat' dir='ltr'>cum</span> <span class='ocrx_word' id='word_1_313' title='bbox 678 3045 811 3102; x_wconf 89' lang='lat' dir='ltr'>hereditas</span> <span class='ocrx_word' id='word_1_314' title='bbox 833 3063 848 3102; x_wconf 90' lang='lat' dir='ltr'>a</span> <span class='ocrx_word' id='word_1_315' title='bbox 868 3046 960 3122; x_wconf 89' lang='lat' dir='ltr'>legato</span> <span class='ocrx_word' id='word_1_316' title='bbox 982 3057 1106 3122; x_wconf 89' lang='lat' dir='ltr'>separata</span> <span class='ocrx_word' id='word_1_317' title='bbox 1121 3049 1156 3102; x_wconf 91' lang='lat' dir='ltr'>sit</span> 
     </span>
    </p>
   </div>
   <div class='ocr_carea' id='block_1_4' title="bbox 185 3276 1156 3542">
    <p class='ocr_par' dir='ltr' id='par_1_4' title="bbox 185 3276 1156 3542">
     <span class='ocr_line' id='line_1_35' title="bbox 254 3276 1155 3343; baseline -0.001 -15"><span class='ocrx_word' id='word_1_318' title='bbox 254 3277 273 3342; x_wconf 77' lang='lat'>¹)</span> <span class='ocrx_word' id='word_1_319' title='bbox 293 3279 367 3330; x_wconf 85' lang='lat' dir='ltr'>codd.</span> <span class='ocrx_word' id='word_1_320' title='bbox 387 3280 464 3343; x_wconf 75' lang='lat' dir='ltr'>infer.</span> <span class='ocrx_word' id='word_1_321' title='bbox 484 3278 585 3328; x_wconf 82' lang='lat' dir='ltr'>debeat</span> <span class='ocrx_word' id='word_1_322' title='bbox 603 3279 678 3329; x_wconf 82' lang='lat' dir='ltr'>codd,</span> <span class='ocrx_word' id='word_1_323' title='bbox 697 3285 746 3329; x_wconf 85' lang='lat' dir='ltr'>vet.</span> <span class='ocrx_word' id='word_1_324' title='bbox 765 3280 806 3332; x_wconf 88' lang='lat' dir='ltr'>ed.</span> <span class='ocrx_word' id='word_1_325' title='bbox 819 3279 869 3330; x_wconf 83' lang='lat' dir='ltr'>Kr.</span> <span class='ocrx_word' id='word_1_326' title='bbox 922 3276 942 3340; x_wconf 80' lang='lat'>²)</span> <span class='ocrx_word' id='word_1_327' title='bbox 961 3277 1029 3328; x_wconf 81' lang='lat' dir='ltr'>EW</span> <span class='ocrx_word' id='word_1_328' title='bbox 1044 3277 1155 3343; x_wconf 84' lang='lat' dir='ltr'>Theopd.</span> 
     </span>
     <span class='ocr_line' id='line_1_36' title="bbox 185 3343 1156 3410; baseline -0.002 -13"><span class='ocrx_word' id='word_1_329' title='bbox 185 3351 279 3397; x_wconf 85' lang='lat' dir='ltr'>nostro</span> <span class='ocrx_word' id='word_1_330' title='bbox 297 3346 322 3395; x_wconf 89' lang='lat' dir='ltr'><em>B</em></span> <span class='ocrx_word' id='word_1_331' title='bbox 340 3347 380 3398; x_wconf 85' lang='lat' dir='ltr'>ed.</span> <span class='ocrx_word' id='word_1_332' title='bbox 401 3345 477 3396; x_wconf 80' lang='lat' dir='ltr'>Schr.</span> <span class='ocrx_word' id='word_1_333' title='bbox 558 3343 578 3408; x_wconf 85' lang='lat'>³)</span> <span class='ocrx_word' id='word_1_334' title='bbox 596 3345 636 3394; x_wconf 68' lang='lat' dir='ltr'>El</span> <span class='ocrx_word' id='word_1_335' title='bbox 658 3345 769 3410; x_wconf 78' lang='lat' dir='ltr'>Theoph.</span> <span class='ocrx_word' id='word_1_336' title='bbox 790 3345 854 3410; x_wconf 88' lang='lat' dir='ltr'>quid</span> <span class='ocrx_word' id='word_1_337' title='bbox 873 3345 935 3395; x_wconf 74' lang='lat' dir='ltr'>BE·</span> <span class='ocrx_word' id='word_1_338' title='bbox 952 3348 993 3402; x_wconf 79' lang='lat' dir='ltr'>ed.</span> <span class='ocrx_word' id='word_1_339' title='bbox 1012 3345 1064 3400; x_wconf 85' lang='lat' dir='ltr'>Kr.</span> <span class='ocrx_word' id='word_1_340' title='bbox 1135 3345 1156 3408; x_wconf 83' lang='lat'>⁴)</span> 
     </span>
     <span class='ocr_line' id='line_1_37' title="bbox 189 3411 1156 3480; baseline 0.003 -18"><span class='ocrx_word' id='word_1_341' title='bbox 189 3414 300 3478; x_wconf 83' lang='lat' dir='ltr'>Theoph.</span> <span class='ocrx_word' id='word_1_342' title='bbox 318 3415 423 3478; x_wconf 83' lang='lat' dir='ltr'>plurimi</span> <span class='ocrx_word' id='word_1_343' title='bbox 438 3415 513 3464; x_wconf 85' lang='lat' dir='ltr'>codd.</span> <span class='ocrx_word' id='word_1_344' title='bbox 533 3414 674 3463; x_wconf 79' lang='lat' dir='ltr'>curaverit</span> <span class='ocrx_word' id='word_1_345' title='bbox 691 3415 764 3466; x_wconf 82' lang='lat' dir='ltr'>codd.</span> <span class='ocrx_word' id='word_1_346' title='bbox 783 3421 831 3464; x_wconf 85' lang='lat' dir='ltr'>eet.</span> <span class='ocrx_word' id='word_1_347' title='bbox 851 3415 892 3467; x_wconf 86' lang='lat' dir='ltr'>ed.</span> <span class='ocrx_word' id='word_1_348' title='bbox 911 3413 961 3462; x_wconf 85' lang='lat' dir='ltr'>Kr.</span> <span class='ocrx_word' id='word_1_349' title='bbox 1020 3411 1041 3480; x_wconf 68' lang='grc'>5)</span> <span class='ocrx_word' id='word_1_350' title='bbox 1061 3415 1101 3475; x_wconf 63' lang='lat'>§5-</span> <span class='ocrx_word' id='word_1_351' title='bbox 1115 3413 1156 3465; x_wconf 77' lang='lat'>32.</span> 
     </span>
     <span class='ocr_line' id='line_1_38' title="bbox 185 3482 607 3542; baseline 0 -12"><span class='ocrx_word' id='word_1_352' title='bbox 185 3483 217 3530; x_wconf 85' lang='grc'>33</span> <span class='ocrx_word' id='word_1_353' title='bbox 235 3502 269 3522; x_wconf 87' lang='lat'><strong>=</strong></span> <span class='ocrx_word' id='word_1_354' title='bbox 289 3482 344 3536; x_wconf 79' lang='lat' dir='ltr'>Gai.</span> <span class='ocrx_word' id='word_1_355' title='bbox 362 3483 385 3542; x_wconf 75' lang='grc'>2,</span> <span class='ocrx_word' id='word_1_356' title='bbox 403 3482 462 3532; x_wconf 81' lang='lat'>244.</span> <span class='ocrx_word' id='word_1_357' title='bbox 481 3482 531 3535; x_wconf 79' lang='lat'>245</span> <span class='ocrx_word' id='word_1_358' title='bbox 548 3487 607 3530; x_wconf 84' lang='lat' dir='ltr'>mut.</span> 
     </span>
    </p>
   </div>
   <div class='ocr_carea' id='block_1_5' title="bbox 0 0 1250 3916">
    <p class='ocr_par' dir='ltr' id='par_1_5' title="bbox 0 0 1250 3916">
     <span class='ocr_line' id='line_1_39' title="bbox 0 0 1250 3916; baseline 0 0"><span class='ocrx_word' id='word_1_359' title='bbox 0 0 1250 3916; x_wconf 95' lang='lat' dir='ltr'> </span> 
     </span>
    </p>
   </div>
  </div>
 </body>
</html>
