2486 3916
201 203 242 267 28
397 216 502 260 oureus
522 215 608 252 nonis
632 214 742 252 roenna
760 214 880 250 rrnrrua
898 199 919 263 1,
938 201 980 252 22.

200 362 303 431 veniat,
324 360 375 434 ipsi
396 358 520 432 quidem,
541 359 587 431 qui
608 373 669 412 cum
689 358 730 412 his
746 356 926 427 contrahunt,
949 354 1125 429 obligantur,
1145 366 1172 411 at.

167 451 180 496 1
199 446 313 500 invicem
336 443 432 518 pupilli
452 459 507 499 non
529 441 692 517 obligantur.
740 435 851 515 ¹Neque
876 448 965 496 tamen
990 439 1172 497 hereditatem

199 528 272 584 adire
287 544 377 601 neque
391 527 525 584 bonorum
546 527 747 600 possessionem
768 533 862 600 petere
881 541 970 598 neque
990 523 1172 580 hereditatem

200 629 233 668 ex
254 610 462 668 fideicommisso
484 613 621 685 suscipere
641 610 720 666 aliter
739 617 855 683 possunt
869 611 922 665 nisi
936 611 1035 686 tutoris
1052 611 1172 664 auctori·

166 704 181 752 2
200 703 272 768 tate,
292 698 412 769 quamvis
427 696 534 752 lucrosa
549 697 584 752 sit
599 711 687 768 neque
703 694 788 750 ullum
804 694 928 750 damnum
938 693 1049 750 babeat.
1081 693 1172 748 'lutor

200 789 290 836 autern
305 781 395 837 statim
415 782 444 836 in
463 783 524 854 ipso
545 781 658 854 negotio
680 795 807 852 praesens
829 777 910 834 debet
929 787 1024 834 auctor
1044 776 1122 850 fieri,
1149 779 1171 832 si

200 866 252 922 hoc
272 865 376 939 pupillo
391 864 523 938 prodesse
539 864 737 920 existimaverit.
770 871 834 936 post
855 871 961 936 tempus
977 879 1041 918 vero
1058 869 1107 918 aut
1123 879 1173 936 per

167 943 342 1023 3'epistula1n
362 949 522 1022 interposita
544 947 777 1004 auetoritas‘nihil
798 949 862 1022 agit.
905 946 933 1002 Si
953 948 1025 1002 inter
1047 953 1170 1002 tutorem

199 1033 365 1107 pupillumve
380 1032 508 1088 iudicium
523 1031 658 1106 agendum
672 1033 718 1102 sit,
734 1033 795 1106 quia
810 1033 869 1106 ipse
885 1039 961 1086 tutor
975 1033 1003 1087 in
1017 1047 1077 1087 rem
1092 1047 1170 1086 suam

200 1126 294 1173 auctor
314 1133 374 1172 esse
394 1133 450 1174 non
469 1124 577 1190 potest,
599 1132 655 1170 non
675 1118 826 1189 praetorius
843 1124 934 1187 tutor,
955 1123 986 1172 ut
1000 1115 1083 1187 olim,
1106 1131 1171 1171 con·

200 1203 338 1272 stituitur,
360 1201 407 1258 sed
429 1209 538 1256 curator
556 1201 583 1255 in
598 1200 688 1256 locum
703 1201 761 1256 eius
777 1199 871 1271 datur,
893 1217 948 1274 quo
968 1201 1171 1256 interveniente

200 1285 328 1342 iudicium
343 1286 484 1360 peragitur
499 1293 527 1341 et
542 1301 574 1340 eo
590 1292 700 1358 peracto
715 1292 825 1341 curator
840 1301 900 1340 esse
916 1284 1023 1340 desinit.

611 1565 668 1605 rrr.
682 1565 758 1605 xxm.

375 1651 509 1714 QUIBUS
526 1647 641 1704 MOD'IS
664 1651 812 1712 TUTELA
829 1651 992 1705 FINITUR.

148 1820 182 1860 p,
264 1789 362 1863 Pupilli
387 1789 560 1862 pupillaeque
584 1805 646 1844 cum
671 1787 788 1862 puberes
813 1807 873 1846 esse
899 1792 1054 1864 coeperint,
1085 1791 1170 1847 tutela

199 1873 356 1930 liberantur.
391 1871 560 1946 pubertatem
583 1881 671 1928 autem
693 1880 797 1930 veteres
819 1873 928 1948 quidem
949 1892 1003 1930 non
1025 1875 1118 1930 solum
1138 1893 1169 1931 ex

200 1959 291 2028 annis,
309 1955 357 2012 sed
373 1957 453 2012 etiam
468 1972 500 2010 ex
516 1955 608 2013 habitu
624 1957 746 2030 eorporis
761 1959 789 2013 in
805 1959 929 2014 masculis
945 1959 1080 2016 aestimari
1096 1960 1168 2016 vole·
1224 1995 1225 2000 .

198 2040 272 2097 bant.
308 2048 402 2097 nostre
422 2047 512 2096 autem
527 2043 651 2097 maiestas
672 2040 784 2114 dignum
799 2038 861 2098 'esse
875 2045 998 2099 castitate
1014 2050 1167 2117 temporum

198 2134 356 2182 nostrorum
376 2123 446 2182 bene
466 2127 585 2198 putavit,
607 2125 681 2201 quod
701 2127 729 2180 in
750 2125 856 2182 seminis
872 2129 1030 2200 etantiquis
1051 2127 1168 2202 impudi-

198 2227 259 2266 cum
275 2227 335 2267 esse
350 2211 436 2266 visum
452 2219 509 2282 est,
531 2210 558 2266 id
574 2219 617 2267 est
636 2211 831 2282 inspectionem
852 2209 1016 2268 habitudinis
1032 2214 1168 2285 corporis,

199 2295 250 2350 boc
266 2297 345 2350 etiam
365 2295 393 2349 in
408 2293 542 2350 masculos
559 2294 718 2350 extendere:
740 2301 767 2348 et
787 2293 849 2349 ideo
865 2303 957 2351 sancta
971 2298 1168 2352 constitutione

197 2369 391 2450 promulgata3
413 2377 582 2450 pubertatem
603 2379 631 2432 in
651 2376 776 2433 masculis
801 2387 866 2452 post
887 2388 1013 2453 quartum
1033 2379 1168 2436 decimum

198 2477 296 2516 annum
312 2461 478 2534 completum
492 2461 564 2517 illico
579 2462 685 2517 initium
700 2463 820 2535 accipere
835 2463 1034 2536 disposuimus,
1051 2466 1169 2539 antiqui·

197 2546 259 2600 tatis
280 2559 401 2600 normam
422 2545 450 2600 in
470 2544 605 2601 femininis
626 2547 751 2620 personis
771 2545 840 2602 bene
861 2549 977 2621 positam
998 2565 1049 2604 suo
1073 2549 1168 2605 ordine

197 2629 398 2703 relinquentes,
422 2637 452 2684 ut
472 2635 536 2702 post
556 2629 743 2686 duodecimum
763 2646 862 2687 annum
884 2632 1048 2706 completum
1068 2635 1167 2708 viripo-

165 2717 286 2770 1tentes
317 2729 378 2769 esse
407 2711 561 2769 credantur.
614 2709 699 2769 4ltem
729 2711 822 2769 finitur
851 2715 952 2788 tutela,
987 2718 1010 2772 si
1042 2717 1167 2792 adrogati

196 2799 258 2854 sint.
277 2797 364 2854 adhuc
392 2797 545 2870 impuberes
574 2797 614 2854 vel
643 2796 793 2872 deportati:
821 2799 886 2855 item
912 2802 935 2856 si
957 2801 984 2855 in
1006 2803 1167 2858 servitutem

196 2881 316 2954 pupillus
341 2880 496 2955 redigatur,
522 2889 553 2938 ut
571 2883 695 2956 ingratus
717 2897 731 2936 a
750 2877 899 2956 patrono,5
924 2884 966 2940 vel
987 2881 1019 2940 ab
1038 2886 1168 2943 hostibus

116 3191 117 3195 ,
265 3143 284 3207 ¹)
302 3145 343 3206 ἕξ.
363 3149 385 3198 1.
404 3149 427 3196 2.
444 3146 504 3209 fere
521 3167 555 3187 =
572 3147 605 3196 L.
625 3147 649 3200 9.
668 3147 708 3208 ἕξ.
727 3149 814 3200 3...5.
834 3149 867 3197 J).
886 3150 918 3198 de
942 3155 1040 3203 auctor.
1069 3147 1123 3215 (26,
1140 3149 1167 3212 8)

199 3227 234 3262 ex
254 3212 313 3262 Gaii
329 3215 344 3264 l.
366 3215 397 3263 12
415 3217 451 3264 ed
467 3216 507 3266 ed.
523 3230 599 3276 prou.
668 3213 688 3276 ²)
710 3215 748 3278 Of.
764 3215 820 3267 Gai.
835 3218 857 3270 1.
878 3217 934 3268 184.
1004 3215 1025 3279 ⁸)
1045 3217 1079 3266 L.
1094 3222 1119 3268 3.
1140 3219 1165 3268 G.

198 3282 299 3344 quando
319 3287 364 3330 tut.
383 3297 406 3332 o.
425 3298 480 3334 cur.
498 3297 554 3332 esse
573 3281 609 3344 (5,
628 3280 681 3344 60).
734 3281 755 3345 ⁴)
773 3283 807 3344 of.
826 3283 859 3331 L.
878 3286 911 3334 14
927 3299 969 3348 pr.
989 3285 1015 3344 ξ.
1035 3287 1059 3335 1,
1080 3287 1115 3338 D.
1135 3287 1166 3334 de

195 3351 265 3400 tutet.
284 3348 335 3410 (26,
355 3347 379 3411 1)
398 3365 433 3400 ecc
453 3351 511 3414 Uip.
529 3351 546 3402 l.
566 3351 598 3400 37
616 3351 653 3399 ad
668 3348 729 3402 Sub.
817 3349 837 3413 5)
857 3355 887 3400 ut
904 3351 975 3416 ingr.
994 3367 1012 3400 u
1029 3357 1103 3416 petr.
1121 3352 1166 3402 ΤΒ

195 3414 246 3475 <hic
263 3421 346 3466 tamen
366 3425 427 3480 poet
447 3413 622 3484 servitutem)
644 3417 755 3482 Theoph.
778 3433 825 3470 om.
848 3419 906 3483 Dip.
926 3419 950 3470 P
975 3421 1072 3485 aliique
1098 3421 1168 3470 molti

196 3482 274 3546 inser.
294 3485 352 3534 edd.
372 3482 445 3538 Sedr.
464 3493 490 3536 et
507 3485 558 3538 Kr.
631 3489 632 3492 ’
