2486 3916
155 194 198 260 84
492 205 527 240 nu
548 202 669 239 nectura
688 187 724 248 11,
743 189 783 238 20.

155 352 248 409 eadem
264 367 307 406 res
328 347 434 404 duobus
456 347 545 420 legata
566 347 602 400 sit
622 346 678 400 sive
699 343 863 400 coniunctim
884 342 940 398 sive
961 340 1126 410 disiunctim,

112 506 116 510 ⁵
156 438 177 490 si
194 435 271 490 ambo
286 433 443 508 perveniant
458 429 491 486 ad
506 431 641 504 legatum,
658 427 876 486 scinditurinter
890 443 937 483 eos
952 425 1088 501 legatum:
1105 427 1127 480 si

155 521 225 576 alter
240 516 357 589 deficiat,
374 518 435 590 quia
451 521 498 570 aut
512 516 646 588 spreverit
660 513 779 586 legatum
797 519 844 567 aut
858 513 917 568 vivo
932 517 1065 567 testatore
1081 509 1127 564 de·

155 604 269 660 cesserit
288 608 335 658 aut
356 599 408 657 alio
430 598 554 674 quolibet
575 596 656 654 modo
676 597 822 668 defecerit,
843 603 933 652 totum
954 595 987 650 ad
1008 593 1127 668 collega·

156 689 252 743 tarium
267 687 396 760 pertinet.
424 685 588 741 coniunctim
605 689 696 738 autem
712 682 835 754 legatur,
851 680 936 740 veluti
949 681 972 736 si
985 679 1128 754 quisdicat

156 779 243 832 nmro
262 787 303 830 ur
325 785 397 828 suro
417 785 562 826 nouruen
582 783 720 826 screnum
738 783 781 824 oo
796 781 894 826 neco:
915 764 1069 821 disiunctim
1090 765 1129 818 ita

155 871 245 914 mmo
259 870 404 913 recuruum
416 869 553 912 serenum
564 868 607 910 oo
618 868 718 923 cneo,
736 867 807 910 sero
820 849 958 909 smcuuu
971 866 1014 907 no
1030 864 1126 908 nuno.

156 939 203 999 sed
219 947 247 995 et
270 940 294 994 si
314 937 480 1012 expresserit
494 955 623 996 sumnum
637 953 783 994 nomnen
798 951 950 1006 smenon,
973 951 1058 1008 aeque
1074 932 1129 988 dis·

122 1043 138 1090 9
156 1026 268 1081 iunctim
289 1023 409 1097 legatum
428 1021 609 1097 intellegitur.
654 1020 682 1076 Si
702 1023 745 1076 cui
759 1020 861 1076 fundus
893 1021 996 1076 alienus
1017 1019 1128 1092 legatus

156 1109 240 1164 fuerit
254 1114 282 1164 et
297 1108 394 1162 emerit
407 1107 602 1182 proprietatem
615 1105 736 1162 detracto
749 1103 893 1162 usufructu
910 1111 938 1160 et
953 1103 1128 1160 ususfructus

156 1191 189 1248 ad
210 1208 271 1248 eum
292 1192 449 1264 pervenerit
469 1197 498 1246 et
516 1198 612 1266 postea
634 1208 666 1246 en
686 1196 849 1246 testamento
871 1197 949 1266 agat,
969 1195 1044 1245 recte
1064 1204 1129 1244 eum

155 1292 237 1350 agere
251 1282 279 1332 et
294 1273 407 1332 fundum
423 1283 517 1350 petere
531 1273 649 1346 lulianus
665 1277 717 1346 ait,
739 1276 801 1350 quia
816 1274 988 1332 ususfructus
1008 1275 1038 1329 in
1056 1271 1130 1346 peti-

156 1361 231 1416 tione
246 1361 385 1416 servitutis
400 1359 491 1416 locum
507 1361 628 1434 optinet;
650 1359 697 1415 sed
713 1357 805 1415 officio
820 1359 914 1416 iudicis
929 1359 1081 1429 contineri,
1099 1365 1131 1412 nt
1236 1363 1237 1366 ’

106 1458 138 1506 10
156 1444 274 1500 deducto
289 1443 434 1500 usufructu
453 1443 545 1500 iubeat
564 1446 775 1501 aestimationem
791 1445 931 1518 praestari.
961 1443 1014 1499 Sed
1030 1443 1053 1497 si
1069 1459 1130 1497 rem

155 1529 278 1603 legatarii
294 1530 355 1603 quis
371 1529 396 1584 ei
410 1529 557 1602 legaverit,
573 1529 669 1588 inutsse
684 1529 804 1604 legatum
820 1535 879 1599 cst,
895 1530 958 1604 quia
973 1527 1047 1602 quod
1061 1543 1130 1600 pro·

155 1614 242 1687 prium
259 1620 302 1668 est
315 1615 419 1688 ipsius,
433 1613 548 1688 amplius
564 1615 622 1669 eius
638 1611 696 1668 fieri
711 1629 766 1669 non
781 1620 889 1687 potest:
906 1619 934 1668 et
948 1611 1011 1668 lieet
1027 1611 1129 1668 aliena·

106 1709 136 1756 11
156 1699 225 1752 verit
240 1713 312 1758 eam,
334 1713 389 1752 non
404 1695 519 1752 debetur
539 1714 590 1754 nee
610 1699 667 1772 ipsa
687 1715 736 1754 nee
756 1699 906 1754 aestimatio
922 1699 989 1753 eius.
1021 1696 1130 1768 Siquis

155 1797 212 1836 rem
234 1797 309 1836 suam
333 1783 410 1854 quasi
430 1780 541 1837 alienam
561 1779 709 1856 legaverit,
736 1781 807 1838 valet
826 1781 959 1858 legatum:
984 1798 1043 1837 nam
1063 1781 1130 1854 plns

156 1864 237 1935 valet,
254 1865 327 1938 quod
342 1866 498 1921 inveritate
514 1872 566 1935 est,
582 1882 660 1938 quam
678 1865 752 1940 quod
767 1867 794 1920 in
811 1868 947 1940 opinione.
984 1865 1032 1922 sed
1053 1873 1083 1921 et
1104 1867 1130 1920 si

155 1949 278 2022 legatarii
291 1951 412 2024 putavit,
428 1949 515 2006 valere
530 1957 653 2020 constat,
671 1951 733 2026 quia
749 1952 850 2006 exitum
865 1951 990 2008 voluntas
1005 1949 1130 2006 defuncti

105 2053 137 2102 12
154 2040 248 2108 potest
262 2033 370 2090 babere.
401 2033 430 2090 Si
451 2050 508 2090 rem
523 2051 598 2090 suam
614 2035 746 2110 legaverit
766 2041 884 2092 testator
902 2043 1052 2110 posteaque
1068 2051 1130 2089 eam

156 2117 322 2191 alienaverit,
338 2117 432 2176 Celsus
447 2120 598 2190 existimat,
621 2121 643 2175 si
667 2136 722 2176 non
738 2119 869 2176 adimendi
891 2121 979 2175 animo
995 2117 1130 2190 vendidit,

155 2203 240 2262 nihilo
256 2205 344 2260 minus
365 2203 473 2276 deberi,
497 2204 580 2278 idque
602 2203 655 2261 divi
675 2203 790 2260 Severus
806 2211 834 2260 et
855 2205 1008 2260 Antoninus
1029 2205 1132 2259 rescri-

154 2294 278 2360 pserunt.
309 2287 389 2344 iidem
405 2281 630 2362 rescripserunt,¹
648 2304 724 2360 cum,
741 2289 788 2364 qui
802 2296 866 2362 post
881 2295 1072 2344 testamentum
1088 2287 1131 2342 fa-

155 2378 229 2425 ctum
243 2369 363 2444 praedia,
379 2387 448 2444 quae
463 2371 553 2444 legata
568 2378 659 2442 erant,
675 2373 784 2447 pignori
799 2371 889 2444 dedit,
905 2373 1037 2429 ademisse
1052 2371 1128 2446 lega·

154 2461 213 2510 tum
228 2470 284 2508 non
299 2453 384 2509 videri
400 2460 428 2510 et
442 2453 503 2510 ideo
519 2455 678 2528 legatarium
693 2473 755 2512 eum
770 2457 870 2513 herede
885 2474 966 2532 agere
981 2473 1079 2532 posse,
1098 2465 1132 2511 ut

153 2537 291 2612 praediea
312 2537 447 2594 creditore
468 2538 585 2595 luantur.
623 2543 647 2596 si
668 2557 733 2596 vero
755 2531 815 2616 quis
836 2549 941 2615 partem
964 2542 1004 2597 rei
1019 2541 1131 2615 legatae

154 2619 318 2694 alienaverit,
329 2637 403 2696 pars,
416 2639 485 2696 quae
496 2639 550 2681 non
568 2631 610 2680 est
619 2625 742 2696 alienata,
754 2626 910 2682 omnimodo
922 2625 1046 2696 debetur,
1061 2642 1130 2699 pars

153 2712 243 2762 autem
259 2707 372 2764 alienata
387 2707 424 2763 ita
439 2706 567 2779 debetur,
588 2711 611 2766 si
625 2726 681 2766 non
696 2709 830 2766 adimendi
845 2712 932 2766 animo
949 2709 1061 2766 alienata
1079 2711 1128 2764 sit.

104 2802 137 2851 13
155 2790 183 2846 si
198 2793 258 2864 quis
280 2790 397 2848 debitori
416 2809 468 2848 suo
488 2792 674 2850 liberationem
695 2793 840 2868 legaverit,
863 2795 984 2869 legatum
1000 2793 1068 2850 utile
1085 2802 1132 2850 est

154 2882 182 2928 et
197 2892 285 2948 neque
300 2875 406 2949 abipso
422 2875 546 2934 debitore
566 2894 654 2953 neque
676 2877 707 2932 ab
730 2878 830 2935 herede
851 2881 908 2936 eius
930 2886 1024 2954 potest
1047 2879 1130 2936 heres

153 2965 248 3032 petere
263 2975 314 3016 nec
329 2958 360 3014 ab
376 2959 441 3030 alio,
458 2962 505 3036 qui
520 2961 628 3018 heredis
644 2961 705 3018 loco
722 2969 777 3018 est:
799 2962 848 3018 sed
869 2970 896 3019 et
910 2969 1004 3038 potest
1019 2982 1034 3019 a
1049 2963 1130 3019 debi-

155 3049 216 3097 tore
231 3044 384 3114 conveniri,
401 3051 430 3099 ut
445 3044 543 3102 liberet
558 3062 629 3102 eum.
659 3053 857 3122 potestantem
874 3049 933 3122 quis
951 3047 993 3104 vel
1007 3048 1041 3103 ad
1059 3056 1132 3103 tem-

105 3141 137 3190 14
154 3141 205 3200 pus
221 3125 328 3197 iubere,
345 3144 379 3184 ne
394 3128 472 3186 heres
493 3136 578 3204 petat.
609 3129 646 3184 llx
667 3131 803 3187 contrario
824 3133 848 3188 si
869 3131 976 3188 debitor
995 3132 1132 3188 creditori

154 3227 205 3266 sno
221 3209 295 3285 qnod
310 3210 399 3284 debet,
413 3212 555 3288 legaverit,
570 3214 666 3270 inutile
681 3222 722 3272 est
737 3215 867 3290 legatum,
883 3219 907 3272 si
921 3216 989 3274 nihil
1004 3217 1068 3291 plus
1086 3225 1132 3274 est

153 3296 181 3350 in
196 3295 287 3368 legato
304 3313 384 3370 quam
399 3297 427 3352 in
439 3297 542 3368 debito,
554 3299 615 3371 qnia
630 3299 698 3356 nihil
710 3299 824 3374 amplius
836 3300 916 3358 babet
927 3318 977 3375 per
991 3302 1129 3377 legatum.

223 3473 242 3538 ¹)
262 3475 294 3528 L.
314 3481 338 3530 3.
359 3477 385 3531 0.
405 3479 437 3528 de
455 3481 524 3542 legat
552 3477 586 3541 (6,
606 3479 659 3542 tt).
