2464 3916
179 189 241 255 184
278 207 304 242 er
323 205 489 252 onananres
508 205 671 242 ravennium
689 205 809 241 recrees:
829 204 953 241 nrcerure
971 191 1056 254 1v‚s.

178 365 250 406 nuuc
263 349 291 404 in
306 353 443 423 potestate
457 348 509 419 sit,
525 349 568 422 agl
582 355 684 422 potest.
723 346 793 404 unde
813 348 836 403 si
857 346 961 402 alienus
982 362 1069 402 servus
1088 365 1131 404 no·

179 435 247 490 siem
262 431 308 488 tibi
324 432 489 490 commiserit
510 439 538 488 et
558 433 581 487 is
596 439 692 506 postea
711 433 740 488 in
755 439 892 506 potestate
912 439 960 488 tua
975 446 1033 488 esse
1047 449 1134 506 coepe·

177 519 227 588 rlt,
254 515 391 573 intercidit
411 517 498 588 actio,
525 519 589 590 quia
607 517 636 572 in
656 531 718 572 eum
733 531 825 574 casum
840 514 956 572 deducta
971 516 1021 587 sit,
1044 516 1070 572 in
1084 533 1135 590 qno

177 601 328 656 consistere
343 616 399 657 non
413 601 519 674 potult:
545 600 662 674 ideoque
677 599 742 658 licet
760 601 856 656 exierit
881 599 915 656 de
936 607 984 656 tua
998 607 1134 673 potestate,
1228 629 1229 678 p

177 699 259 759 agere
274 701 330 741 uon
345 693 441 759 potes,
467 683 694 759 quemadmodum
714 686 739 740 si
759 684 885 740 dominus
900 685 929 741 in
943 700 1050 740 servunt
1064 701 1138 740 suum
1228 683 1229 744 1

177 768 278 844 aliquid
293 771 475 839 comiserit,
490 785 541 826 nec
555 770 577 824 si
593 769 772 825 manumissus
787 767 977 826 velalienatus
992 767 1073 826 inerit
1081 785 1141 824 eer-

145 853 243 924 lvm,
275 853 357 910 ullam
381 855 514 911 actionem
540 861 634 910 contra
658 853 796 910 dominnm
820 852 919 909 habere
945 860 1047 928 potest.
1089 853 1141 909 Sed

177 947 283 996 veteres
310 937 418 1012 quidem
444 939 510 996 lreec
536 945 564 994 et
588 939 617 994 in
643 935 817 994 llliislamilies
843 937 968 1010 masculis
995 947 1023 993 et
1038 937 1145 994 leminis

177 1023 351 1080 admiserunt.
375 1039 443 1079 nova
458 1030 548 1078 satem
562 1022 702 1080 hominum
717 1023 887 1080 conversatio
901 1021 1055 1078 huiusmodi
1069 1039 1146 1096 aspe-

176 1109 283 1166 ritetcm
297 1116 372 1164 recte
386 1105 565 1182 respuendam
586 1123 646 1164 esse
666 1108 827 1164 existimarit
847 1113 874 1162 et
895 1105 927 1162 oh
942 1123 995 1163 usu
1009 1109 1147 1162 mmmuni
1229 1097 1230 1118 ¹

176 1193 243 1250 haec
257 1193 366 1266 ponitus
381 1193 509 1248 recessit:
525 1192 586 1266 quis
599 1193 669 1249 enirn
681 1193 784 1266 petitur
796 1189 881 1247 lilium
896 1207 975 1246 suum
990 1198 1019 1248 et
1035 1193 1149 1246 maxime

177 1274 258 1332 lilium
273 1277 302 1332 in
316 1276 467 1334 nonamalil
482 1275 555 1348 dare,
571 1285 602 1332 nt
617 1293 686 1350 pene
701 1292 861 1350 percorpus
877 1268 946 1332 liliil
961 1284 1039 1350 pater
1048 1277 1150 1350 magis,

177 1375 256 1436 qaum
269 1359 340 1418 lilius
355 1361 540 1437 periclitetur,
561 1377 623 1417 cum
642 1363 670 1417 in
691 1358 795 1416 lilialms
817 1362 896 1417 etiem
912 1360 1151 1434 pudicitiaelaror

118 1479 119 1486 κ
177 1445 230 1504 hoc
254 1445 322 1504 bene
347 1445 486 1504 excludit?
515 1453 543 1501 et
557 1445 620 1502 ideo
640 1445 757 1520 placuit,
783 1446 810 1501 in
836 1461 931 1502 servos
958 1443 1151 1501 tantummodo

176 1529 287 1586 noxales
302 1531 421 1587 actiones
438 1547 497 1588 esse
518 1529 725 1605 proponendas,
751 1546 813 1586 cum
833 1529 904 1603 opud
923 1537 1030 1585 veteres
1053 1528 1151 1603 legum
1230 1565 1231 1604 t

176 1623 403 1672 commentatores
427 1616 579 1672 invenimus
593 1616 700 1690 soeplus
726 1613 843 1684 dictum,
869 1615 943 1688 ipsos
959 1611 1151 1670 lllleslamillas

176 1714 227 1772 pro
243 1699 300 1755 suis
316 1698 421 1756 delictis
436 1715 518 1772 posse
531 1701 680 1756 conveniri.

604 1945 661 1987 nir.
675 1946 716 1988 tx.

227 2045 260 2099 51
279 2047 500 2112 QUADRUPus
518 2048 732 2101 PAUPERIEM
749 2049 900 2101 FECISSE
919 2047 1093 2102 chnt'tttt.

123 2185 160 2226 er.
242 2169 401 2229 Animalitnn
416 2171 539 2244 nomine,
562 2189 629 2246 qnae
650 2174 754 2228 ratione
769 2182 878 2245 carent,
898 2174 921 2228 si
943 2171 1052 2246 quidem
1066 2173 1153 2230 lasci·

114 2313 116 2318 ,
176 2257 217 2313 via
231 2264 278 2312 aut
293 2256 400 2314 fervore
421 2264 468 2312 aut
483 2255 590 2312 leritate
615 2259 770 2330 pauperiem
796 2257 926 2328 iecerint,
953 2256 1056 2313 noxalis
1071 2259 1152 2314 actio

174 2340 236 2414 lege
251 2340 394 2398 duodecim
421 2337 570 2396 tabularum
597 2341 703 2414 prodita
718 2350 760 2398 est
786 2340 867 2418 (quac
882 2341 1004 2398 animalia
1019 2343 1153 2398 elnonae

175 2423 324 2494 dedantur,
346 2421 491 2497 proliciunt
512 2441 560 2480 reo
576 2426 608 2482 ad
623 2423 826 2497 liberationem,
850 2427 913 2501 qnia
927 2427 965 2482 ita
979 2425 1023 2482 let
1039 2424 1149 2482 duode-

175 2507 226 2562 cim
242 2505 393 2563 tabularnnr
408 2509 508 2580 scripta
523 2507 673 2584 est);.puta
683 2512 708 2566 si
724 2527 811 2585 equus
823 2511 982 2568 calcitrosus
995 2510 1066 2568 calce
1076 2527 1152 2584 ‚per-

174 2591 291 2648 cusserit
315 2599 361 2646 ant
386 2590 435 2647 bos
461 2607 547 2648 cornu
573 2603 667 2666 petere
685 2594 786 2652 solitus
814 2596 932 2670 petierit.
971 2595 1038 2650 haec
1052 2601 1149 2650 autem

174 2675 244 2732 aetio
265 2675 292 2731 iu
317 2675 375 2746 his,
400 2693 469 2750 quae
490 2684 585 2734 contra
604 2687 726 2744 naturam
753 2689 910 2750 moventur,
934 2679 1025 2738 locunt
1045 2677 1149 2734 hebet:

172 2769 294 2818 ceterum
310 2761 333 2816 si
345 2761 472 2839 genitalis
487 2763 524 2818 sit
538 2761 646 2834 feritas,
661 2771 757 2820 cessat.
788 2757 925 2838 ²llenique
939 2764 963 2820 si
974 2780 1055 2820 ursus
1071 2763 1152 2836 sugit

174 2843 314 2900 adomino
341 2853 368 2901 et
393 2846 432 2900 sic
457 2847 566 2918 nocuit,
593 2864 648 2904 uon
671 2855 763 2922 potest
787 2847 923 2922 qnondam
938 2845 1063 2904 doninus
1078 2865 1150 2906 oon·

174 2927 273 2999 veniri,
290 2929 351 3001 qnia
367 2921 467 2986 desiit³
488 2929 612 2988 dominus
629 2948 703 3003 esse,
729 2931 773 2988 ubi
794 2932 850 2988 lora
869 2932 961 2988 evasit.
997 2934 1148 3006 pauperies

172 3018 263 3068 antem
289 3021 331 3068 est
355 3013 480 3070 damnum
506 3016 564 3072 sine
590 3015 686 3072 iniuria
710 3016 832 3075 facientis
859 3017 965 3073 datum:
994 3033 1046 3072 nec
1069 3018 1147 3072 enirn

241 3211 260 3276 ¹)
279 3227 315 3262 em
333 3213 479 3278 quidusdam
496 3216 571 3264 codd,
590 3215 668 3277 infer.
685 3217 788 3279 scripsi.
809 3209 850 3274 εἰς
868 3207 900 3266 ed
919 3211 1029 3267 οἰκεῖον
1040 3207 1148 3266 κινδύ-

172 3295 236 3331 νειν
260 3277 340 3345 σῶμα
367 3281 479 3343 Tleopli.
506 3279 557 3330 lilii
580 3297 627 3334 em.
644 3285 762 3348 plerique
780 3285 855 3334 codd.
875 3285 935 3336 edd.
954 3283 1029 3335 Sele.
1047 3289 1073 3332 et
1091 3283 1147 3334 Kr.

171 3343 192 3407 ²)
210 3348 243 3396 L.
263 3351 287 3398 1.
318 3348 358 3410 ἐξ.
381 3350 421 3398 10.
449 3351 475 3398 3.
502 3348 535 3396 D.
564 3349 589 3397 si
617 3350 709 3413 quadr.
737 3348 779 3410 (9,
805 3348 829 3413 1)
857 3367 892 3402 em
921 3351 978 3416 vop.
1010 3355 1025 3400 1.
1047 3353 1077 3401 18
1105 3353 1149 3400 ud

170 3413 221 3524 ppei,
238 3420 303 3530 mappd
379 3412 402 3481 ³)
421 3415 501 3480 aliqui
518 3416 593 3468 codd.
615 3417 692 3477 infer.
715 3416 825 3482 illeopl.
845 3417 948 3468 desinit
966 3419 1047 3468 ceteri
1063 3419 1145 3472 codd.

204 3493 263 3540 pe
302 3519 309 3533 .
