2464 3916
475 250 510 283 ne
530 248 656 286 ιιιιῑιιιιιιι
675 236 723 300 lv,
742 237 766 286 4.
1024 236 1092 302 ,165

556 438 613 478 rm.
627 438 666 478 1v.

487 524 537 572 DE
556 524 722 577 INIURIIS.

185 637 592 700 ¹Generahter1mur1adicitur
607 662 702 718 omne,
725 646 798 720 quod
813 663 868 703 non
883 649 942 704 iure
963 647 1007 704 fit.
1029 667 1090 724 spe·
1109 654 1144 696 er

118 728 222 786 cialiter
236 727 299 784 alias
316 729 477 786 contumelia
485 746 583 803 ,quae
604 747 619 786 a
634 730 832 788 contemnendo
848 731 918 787 dicta
934 741 992 806 est,
1014 751 1105 807 quam

119 812 213 870 Gracci
234 805 326 889 ὕβριν
351 813 502 888 appellant,
529 814 592 870 alias
619 815 713 888 culpa,
742 833 826 914 quam·
844 815 936 872 Graeci
961 809 1094 894 ἀδίκημα

118 897 229 970 dicunt,
252 899 321 954 sicut
341 899 369 953 in
390 897 451 974 lege
473 899 578 972 Aquilia
599 899 754 956 damnum
746 901 843 959 iniuria
859 901 1004 974 accipitur,
1030 903 1094 960 alias

117 982 248 1056 iniquitas
264 990 291 1038 e't
306 983 453 1054 iniustitia,
470 1001 549 1081 quam
565 983 658 1040 Graeci
673 973 795 1040 ἀδικίαν
809 993 915 1041 vocant.
947 1003 1007 1041 cum
1024 989 1094 1043 euim

117 1075 231 1142 praetor
249 1065 292 1122 vel
313 1067 394 1122 iudex
415 1083 470 1122 ιιοιι
491 1069 550 1124 iure
570 1077 664 1125 contra
686 1087 766 1144 quem
781 1071 957 1143 pronuntiat,
972 1071 1094 1126 iniuriam

119 1153 255 1225 accepisse
270 1149 378 1206 dicitur.
407 1144 523 1208 ²lniuria
539 1161 628 1209 autem
644 1156 823 1210 committitur
837 1171 892 1210 non
908 1155 1013 1228 solum,
1034 1173 1094 1212 curn
1114 1146 1128 1194 1

121 1238 183 1309 quis
197 1251 292 1310 pugno
307 1243 434 1309 putaaut
450 1235 567 1292 fustibus
583 1254 678 1293 caesus
700 1239 741 1294 vel
763 1240 844 1294 etiam
860 1239 1016 1296 verberatus
1032 1241 1096 1312 erit,

122 1320 171 1376 sed
187 1320 303 1376 etiamsi
318 1322 362 1378 cui
377 1322 528 1376 convicium
544 1321 643 1377 iactum
659 1323 753 1395 luerit,
769 1325 825 1380 sive
840 1325 917 1380 cuius
932 1324 1003 1380 buna
1019 1327 1096 1399 quasi

121 1403 251 1462 debitoris
266 1420 393 1477 possessa
408 1405 510 1460 luerint
525 1405 557 1460 ab
573 1423 616 1477 co,
633 1409 678 1480 qui
694 1406 871 1481 intellegebat
886 1409 952 1464 nihil
968 1425 1029 1464 eum
1045 1409 1096 1465 sibi

120 1489 237 1560 richere,
258 1488 301 1544 vel
321 1491 344 1544 si
366 1491 426 1562 quis
447 1489 480 1544 ad
500 1489 636 1545 infamiam
657 1491 769 1546 alicuius
785 1491 905 1548 libellum
927 1501 973 1548 aut
988 1509 1095 1549 carmen

120 1575 272 1648 scripserit,
287 1575 482 1648 composuerit,
499 1574 614 1630 ediderit
628 1575 726 1631 dolove
742 1576 811 1632 malo
828 1575 937 1648 lecerit,
960 1595 1014 1652 quo
1032 1578 1096 1652 quid

118 1675 218 1715 eorum
235 1657 327 1730 lieret,
349 1660 405 1714 sive
421 1661 481 1731 quis
497 1659 724 1716 matremfamilias
746 1667 792 1716 aut
807 1669 1004 1736 praetextatum
1019 1679 1096 1737 prae-

119 1750 284 1800 textatamve
300 1742 452 1798 adsectatus
467 1743 566 1816 luerit,
582 1746 638 1800 sive
653 1746 730 1802 cuius
746 1745 873 1820 pudicitia
889 1754 1020 1803 attentata
1036 1764 1097 1804 esse

117 1829 241 1884 dicetur:
264 1833 292 1882 et
306 1827 423 1902 denique
439 1828 497 1884 aliis
512 1829 635 1903 pluribus
652 1831 738 1887 modis
755 1831 858 1888 admitti
873 1833 997 1887 iniuriam
1013 1834 1096 1888 mani-

13 1933 14 1984 j
117 1913 223 1988 festum
238 1918 289 1967 est.
320 1911 425 1968 Patitur
439 1920 528 1969 autern
545 1915 605 1987 quis
620 1915 745 1971 iniuriam
766 1933 821 1972 non
841 1917 930 1972 solum
945 1933 995 1990 per
1011 1925 1097 1972 semet
1115 1915 1130 1961 2

115 2000 230 2072 ipsum,
250 1995 298 2052 sed
319 1998 397 2055 etiam
418 2013 467 2070 per
482 1997 582 2054 liberos
597 2015 684 2070 suos,
705 2017 775 2096 quos
795 2001 823 2055 in
845 2008 981 2076 potestate
1003 2001 1103 2056 habet:

115 2085 187 2138 item
207 2098 257 2155 per
279 2097 390 2137 uxorem
411 2097 502 2154 suam,
525 2081 552 2136 id
574 2083 644 2136 enim
669 2085 755 2180 magis
774 2083 931 2156 praevaluit
966 2085 1059 2158 itaque
1074 2086 1097 2138 si

116 2165 192 2222 filiae
208 2165 330 2236 alicuius,
346 2181 414 2239 quae
426 2165 497 2222 'litio
508 2173 614 2264 nupta
608 2159 659 2254 est,
674 2168 799 2222 iniuriam
815 2167 1097 2244 leceris,nonsoluu1

116 2250 194 2306 iiliae
214 2251 323 2305 nomine
344 2257 433 2305 tecum
453 2239 622 2306 iniuriarum'
635 2253 679 2325 agi
700 2258 808 2324 potest,
836 2251 884 2306 sed
911 2252 991 2308 etiam
1012 2251 1097 2325 patris

118 2351 234 2410 quoque
255 2342 283 2390 et
305 2335 394 2389 mariti
414 2337 532 2390 nomine.
569 2343 665 2390 contra
684 2343 790 2407 autem,
807 2337 829 2391 si
843 2337 902 2391 viro
917 2337 1014 2392 iniuria
1030 2335 1099 2391 lacta

116 2421 173 2490 sit,
194 2435 264 2474 uxor
277 2419 433 2474 iniuriarum
450 2435 531 2494 agere
552 2436 608 2476 non
628 2428 734 2493 potest:
757 2419 867 2476 delendi
882 2421 953 2476 enim
968 2437 1067 2476 uxores
1084 2431 1111 2476 a'

116 2505 202 2573 viris,
225 2519 280 2558 non
296 2503 369 2558 viros
389 2501 421 2558 ab
442 2503 572 2559 uxoribus
593 2521 709 2580 aequum
725 2511 777 2561 est.
808 2505 856 2562 scd
877 2513 904 2561 et
919 2523 999 2562 socer
1013 2521 1098 2560 nurus

116 2589 248 2659 nomine,
269 2587 346 2643 cuius
366 2589 407 2643 vir
426 2588 453 2642 in
473 2596 610 2661 potestate
632 2598 690 2662 est,
711 2591 870 2645 iniuriarum
893 2607 975 2664 agere
994 2598 1097 2663 potest.

117 2674 212 2730 Servis
233 2679 323 2727 autem
343 2672 409 2744 ipsis
430 2671 539 2744 quidem
560 2673 634 2728 nulla
654 2675 751 2730 iniuria
773 2672 832 2730 fieri
847 2673 1034 2750 intellegitur,
1049 2673 1097 2728 sed
1116 2683 1131 2730 3

117 2758 233 2813 domino
249 2771 361 2830 percos
378 2753 436 2811 fieri
450 2756 571 2812 videtur:
592 2774 648 2812 non
664 2765 752 2813 tamen
767 2758 862 2813 iisdem
878 2757 983 2830 modis,
1000 2756 1097 2832 quibus

117 2843 202 2898 etiam
218 2858 267 2914 per
281 2839 380 2895 liberos
397 2848 425 2896 ct
440 2857 549 2912 uxores,
575 2841 674 2897 sedita
690 2847 750 2898 curn
763 2842 827 2915 quid
843 2843 959 2897 atrocius
974 2843 1098 2898 commis-

92 2941 182 2996 sum
209 2925 292 2980 luerit
314 2921 342 2980 ct'
368 2924 442 2998 quod
468 2932 561 2998 aperte
584 2926 616 2980 ad
642 2927 831 2982 contumeliam
851 2927 953 2982 domini
974 2928 1098 3002 respicit:

117 3009 207 3066 veluti
227 3010 251 3064 si
271 3010 331 3082 quis
347 3009 464 3064 alienum
485 3026 592 3065 servum
612 3009 808 3083 verberaverit,
830 3020 858 3067 et
877 3013 904 3066 in
920 3011 993 3067 hunc
1008 3028 1097 3067 casum

119 3095 193 3150 actio
209 3095 383 3168 proponitur.
400 3100 427 3148 at
447 3095 471 3148 si
486 3096 545 3168 quis
565 3111 644 3151 servo
660 3096 809 3150 convicium
829 3095 927 3152 iecerit
946 3095 988 3152 vel
1003 3112 1097 3170 pugno

120 3195 187 3234 cum
201 3179 378 3252 percusserit,
394 3178 468 3234 nulla
483 3179 511 3233 in
526 3195 588 3234 eum
603 3181 673 3235 actio
685 3179 795 3236 domino
811 3181 950 3254 competit.
982 3179 1010 3234 Si
1025 3197 1098 3234 com·
1116 3183 1133 3230 4

122 3345 329 3352 ———-—--—--—-

195 3459 214 3526 1)
231 3463 290 3526 sere
307 3482 341 3502 ==
358 3461 450 3511 Goliat.
469 3462 493 3522 2,
512 3462 537 3520 5,
556 3462 625 3510 lex
642 3462 716 3514 Paul.
736 3465 797 3513 l...
808 3464 924 3526 ..‚repui
942 3468 970 3510 ut
992 3463 1099 3521 uidetur,

125 3529 175 3579 cub
193 3531 230 3578 tit.
250 3530 310 3578 dc·
299 3530 375 3578 eninr.
447 3523 469 3593 ²)
487 3529 529 3588 55.
548 3529 591 3580 1..
599 3529 703 3590 3fere
720 3549 754 3569 =
774 3497 829 3581 cdi.
849 3533 873 3589 3,
892 3529 972 3580 220..
981 3529 1053 3578 2.22
1112 3571 1113 3574 ,
