2484 3916
75 162 78 168 ’
162 171 203 235 72
374 189 409 224 ns
427 187 554 226 nuceum
574 185 799 222 sonorissimus
817 169 853 232 11,
875 171 915 220 15.

113 366 117 375 ·
161 331 241 388 redes
262 331 356 403 scripti
376 330 449 400 sint,
473 327 585 402 perinde
606 327 772 398 habeantur,
794 343 824 383 ec
845 329 868 382 si
890 327 1081 400 unusquisque
1105 343 1142 382 ex

128 423 257 490 squnrte
278 421 354 488 perte
376 415 493 486 scriptus
514 412 619 468 inisset.
655 411 689 468 Et
704 414 726 468 si
746 412 839 486 piures
855 413 948 468 unciae
969 427 1050 485 quem
1065 410 1145 467 duo-

162 499 249 556 decim
265 493 424 554 distributae
439 505 519 566 sunt,
538 499 578 568 is,
600 498 647 571 qni
662 498 719 552 sine
734 504 811 570 parte
825 497 968 553 institutus
984 503 1042 566 est,
1059 495 1141 569 quod

162 583 291 658 dipondio
307 583 399 654 deest,
420 581 542 638 habebit:
563 581 689 654 idemque
710 583 777 652 erit,
798 582 821 636 si
842 579 987 654 dipondius
1008 579 1144 654 expletus

163 669 207 724 sit.
245 683 313 741 qnae
334 683 427 722 ornnes
439 673 530 740 portes
545 666 578 722 ad
598 682 686 722 essem
701 673 798 739 postea
812 672 991 736 revocantur,
1012 665 1144 738 quemvis

163 753 218 808 sint
232 752 350 826 plurium
365 753 514 808 unciarum.
948 759 951 764 ’

129 850 144 897 9
226 837 311 892 Heres
326 843 355 891 et
368 851 437 910 pure
450 843 480 890 et
500 833 549 890 sub
565 834 724 904 corrdicione
738 834 846 890 institui
862 841 965 908 potest.
1002 849 1036 889 en
1056 842 1141 889 certo

163 929 286 995 ternpore
297 928 349 975 nut
363 919 396 975 nd
411 927 516 975 certum
530 925 637 993 tempus
653 935 709 975 non
723 926 834 993 potest,
848 918 933 976 veluti
948 932 1028 976 Posn
1045 934 1141 983 cutu-

164 1023 326 1072 ounnumu
341 1019 429 1070 ouen
442 1019 565 1062 nonus
579 1003 622 1059 vel
642 1021 683 1060 nx
697 1017 855 1062 xnnnnms
870 1019 954 1060 1nn1s
969 1011 1016 1058 arnt
1030 1019 1140 1067 usone

162 1107 204 1148 nn
220 1103 385 1146 nnnnnnns
405 1103 498 1146 mnus
518 1081 620 1145 nuens
640 1103 735 1146 nero:
761 1081 905 1161 diemque¹
927 1087 1061 1144 adiectum
1085 1103 1141 1160 pro

164 1189 330 1247 supervacuo
346 1171 438 1229 baberi
459 1173 548 1246 placet
563 1180 591 1228 et
605 1173 717 1246 perinde
732 1189 808 1244 esse,
830 1189 861 1230 ec
876 1174 899 1228 si
914 1189 983 1246 pure
998 1172 1080 1227 heres
1095 1173 1140 1226 in·

113 1271 145 1320 10
163 1259 276 1314 stitutus
293 1265 373 1314 esset.
409 1253 584 1332 impossibilis
599 1257 722 1313 condicio
742 1259 770 1313 in
784 1255 1002 1314 institutionibus
1017 1263 1047 1311 et
1061 1255 1141 1330 legn-

163 1344 198 1398 tis
214 1359 264 1399 nec
284 1343 387 1398 nonin
407 1339 621 1398 fideicommissis
642 1349 671 1398 et
691 1339 861 1398 libertatibus
881 1358 932 1416 pro
953 1357 1009 1397 non
1031 1341 1140 1414 scripto

114 1439 144 1487 11
163 1426 286 1484 hebetur.
323 1425 351 1482 Si
368 1426 461 1500 plures
474 1425 649 1485 condiciones
664 1427 829 1482 institutioni
845 1426 995 1500 adscriptae
1010 1433 1091 1496 sunt,
1114 1426 1140 1480 si

164 1510 272 1585 quidem
282 1511 458 1583 coniunctim,
474 1518 506 1568 ut
519 1518 585 1590 puta
601 1526 630 1568 ει
645 1529 741 1570 rnnnn
754 1529 794 1568 nn
805 1527 901 1570 1nnn1>
910 1526 1038 1570 ntorum
1047 1527 1139 1581 eurr,
1195 1541 1203 1550 ·

141 1595 288 1653 'omnibus
309 1595 458 1669 parendum
478 1603 534 1652 est:
564 1597 587 1650 si
607 1597 766 1670 seperatim,
793 1595 876 1651 veluti
903 1610 933 1652 s1
953 1611 1049 1654 mnus)
1071 1611 1138 1653 nun·

163 1697 260 1739 locun
274 1696 401 1738 necron
414 1697 507 1750 new,
522 1678 647 1736 cuilibet
662 1679 848 1754 obtemperare
863 1681 928 1736 satis
943 1687 994 1735 est.

114 1782 145 1832 12
227 1763 275 1835 Hi,
292 1780 362 1838 quos
371 1780 518 1838 numquam
533 1770 650 1820 testator
661 1763 742 1836 vidit,
759 1763 872 1820 heredes
887 1765 993 1820 institui
1007 1770 1137 1838 possunt,

164 1847 249 1904 veluti
264 1849 286 1902 si
298 1847 388 1904 fratris
404 1845 474 1904 tilios
489 1849 688 1923 peregrinatos
704 1849 849 1922 ignorans,
871 1850 917 1924 qui
932 1856 1041 1920 essent,
1057 1849 1137 1904 here-

165 1932 212 1988 des
227 1933 390 1988 instituerit:
405 1933 559 2006 ignorantie
569 1934 640 1989 enim
656 1934 781 1990 testantis
796 1934 920 1989 inutilem
934 1933 1135 1990 institutionem

164 2033 220 2074 non
235 2017 307 2074 iecit.

589 2213 646 2254 n1n.
660 2213 709 2254 xv.

374 2317 424 2366 DE
446 2313 612 2367 VULGARI
630 2315 930 2368 SUBSTITUTIONE.

112 2451 147 2492 Pr.
230 2429 345 2493 ²Potest
359 2444 449 2492 eutem
465 2439 525 2511 quis
540 2438 568 2492 in
590 2443 752 2494 testamento
768 2455 818 2494 suo
833 2438 927 2512 plures
942 2439 1042 2513 gradus
1058 2439 1136 2494 here·

165 2519 230 2576 dum
245 2520 349 2592 iecere,
370 2528 402 2576 ut
421 2528 487 2594 puts
503 2536 621 2579 s11nnn
635 2537 921 2594 annectionem,
943 2541 1015 2580 ΜΕ
1031 2538 1134 2580 nunus

163 2619 258 2663 nero:
280 2613 309 2661 et
324 2604 465 2679 deinceps,
480 2607 508 2662 in
525 2613 655 2678 quantum
669 2607 749 2679 velit,
769 2615 887 2664 testator
901 2606 1067 2663 substituere
1084 2624 1134 2682 po·

164 2697 220 2746 test
234 2698 263 2746 et
274 2691 424 2746 benissimo
439 2689 501 2746 loeo
516 2691 544 2745 in
559 2689 708 2746 subsidium
718 2691 762 2748 vel
773 2707 881 2748 servum
891 2692 1134 2748 necessariumue·

131 2789 145 2837 1
163 2775 256 2830 redern
270 2775 422 2830 instituere.
459 2773 493 2829 Et
506 2773 599 2848 plnres
619 2777 647 2830 in
663 2777 742 2831 unius
758 2775 849 2832 locum
863 2784 980 2850 possunt
995 2775 1133 2846 substitui,

164 2858 207 2913 vel
221 2875 291 2914 rinus
306 2860 334 2914 in
349 2859 467 2931 plurium
476 2901 486 2936 ,Ι
499 2858 542 2914 vel
557 2859 658 2934 singuli
670 2859 801 2934 singulis,
818 2860 860 2916 vel
874 2861 988 2918 invicem
1003 2861 1071 2934 ipsi,
1086 2862 1132 2934 qui

130 2957 145 3005 2
164 2941 278 2997 heredes
292 2943 411 2998 instituti
422 2950 496 3000 sunt.
516 2941 550 2999 Et
564 2945 587 2998 si
602 2960 635 2999 en
646 2943 797 3018 disparibus
810 2943 930 3019 partibus
942 2944 1057 3004 heredes
1069 2947 1133 3000 scri·

163 3031 227 3098 ptos
241 3027 354 3082 invicem
370 3024 542 3084 substituerit
557 3036 585 3084 et
600 3027 701 3084 nullam
715 3031 881 3086 mentionem
895 3030 924 3085 in
939 3029 1132 3085 substitutione

163 3108 288 3166 habuerit
303 3112 436 3184 portium,
461 3129 505 3168 ens
526 3112 633 3168 videtur
653 3121 743 3187 partes
764 3115 792 3170 in
807 3113 1001 3170 substitutione
1017 3113 1132 3184 dedisse,

231 3324 251 3389 ¹)
269 3329 307 3377 sic
323 3327 398 3378 BTC
428 3327 540 3392 Theopiu
560 3330 600 3379 ed.
620 3328 671 3379 Kr.
700 3329 818 3394 denique
837 3331 863 3381 Α
882 3331 957 3381 codd.
985 3329 1065 3392 infer.
1090 3330 1130 3378 ed.

164 3391 237 3442 Sebr.
307 3393 327 3456 ²)
342 3411 386 3460 pr.
405 3395 429 3456 ὅ.
450 3398 475 3446 1.
493 3417 527 3438 =
544 3396 578 3446 L.
597 3397 639 3448 36.
658 3397 692 3446 D.
716 3399 748 3448 de
766 3401 829 3464 culp.
855 3405 879 3448 et
901 3414 965 3462 pnp.
985 3397 1036 3461 (28,
1055 3395 1132 3460 stoa:

164 3461 296 3512 Marciani
313 3465 329 3512 l.
348 3465 365 3513 4
382 3464 462 3513 instit.
