2484 3916
436 257 471 292 ns
491 257 612 295 escuris
631 243 666 306 11,
687 245 727 295 20.
1023 245 1064 308 83

93 399 221 480 cognita,
239 397 317 454 facile
331 397 440 472 possint
461 400 668 472 permixtionem
690 416 784 456 eorum
805 400 904 457 eruditi
919 401 1066 476 suptiliori·

90 483 145 538 bus
162 482 270 538 auribus
285 485 416 557 accipere.
824 497 827 502 '

159 567 219 622 Non
235 567 323 623 solum
339 575 427 622 autern
443 569 583 624 testatoris
605 567 646 622 vel
666 567 775 624 heredis
795 585 853 641 res,
876 573 923 626 sed
939 579 967 626 et
981 571 1067 627 aliena
1083 582 1100 631 4

91 652 181 726 legari
196 659 304 725 potest:
325 653 362 707 ita
383 659 414 708 ut
435 653 514 708 heres
529 659 645 727 cogatur
659 652 793 708 redimere
813 669 870 710 eam
886 661 914 710 ct
928 663 1066 728 praestare
1088 695 1090 700 -

92 737 153 808 vel,
170 738 192 791 si
207 753 262 792 non
281 743 376 810 potest
400 735 546 806 redimere,
569 738 781 793 aestimationem
803 738 861 793 eius
877 737 949 794 dare.
980 737 1027 795 sed
1043 743 1066 796 si

94 821 157 876 talis
172 837 217 876 res
232 821 283 892 sit,
305 822 382 876 cuius
402 837 458 878 uon
480 828 523 876 cst
537 822 743 893 commercium,
765 839 815 878 nec
835 824 986 880 aestimatio
1008 826 1065 880 eius

93 905 225 977 debetur,
241 905 321 960 sicuti
342 906 365 960 si
384 921 508 978 campum
523 905 646 961 llartium
668 906 711 962 vel
731 899 887 964 basilicam1
907 908 949 963 vel
965 909 1066 981 templa

94 989 137 1046 vel
160 1007 227 1064 quac
248 989 357 1063 publico
380 991 440 1045 usui
462 989 594 1046 destinata
615 999 694 1060 sunt,
715 991 859 1064 legaverit:
883 1009 943 1046 nam
964 991 1066 1048 nullius

93 1075 226 1130 momenti
240 1074 360 1147 legatum
377 1081 428 1130 est.
456 1073 530 1148 quod
542 1083 631 1130 autern
644 1075 768 1146 diximus,
785 1076 896 1132 alienam
911 1091 969 1132 rem
984 1093 1066 1149 posse

93 1159 190 1234 legari,
207 1160 245 1214 ita
259 1157 474 1233 intellegendum
490 1167 541 1230 est,
558 1161 580 1215 si
596 1159 741 1216 defunctus
756 1157 866 1230 sciebat,
882 1161 995 1217 alienam
1007 1178 1065 1216 rern

93 1259 165 1315 esse,
180 1260 237 1300 non
251 1251 279 1300 et
293 1245 316 1299 si
330 1241 487 1318 ignorabam
503 1245 619 1300 lorsitan
630 1245 711 1314 enim,
728 1245 751 1300 si
766 1247 862 1300 scisset
873 1245 995 1317 alienam,
1009 1263 1066 1301 non

93 1329 227 1402 legasset:
251 1335 279 1383 et
299 1329 336 1384 ita
357 1328 433 1384 divus
454 1327 517 1384 Pius
536 1322 705 1402 rescripsit²
735 1337 763 1393 et
788 1330 877 1384 verius
898 1337 954 1400 est,
976 1333 1065 1404 ipsum

96 1413 145 1486 qui
160 1415 229 1487 agit,
251 1412 278 1468 id
299 1420 341 1468 est
355 1411 531 1486 legatarium,
551 1411 666 1486 probare
682 1421 826 1486 oportere,
848 1415 930 1470 scisse
952 1413 1065 1470 alienam

92 1513 153 1552 rem
168 1497 259 1571 legare
275 1497 448 1567 defunctum,
468 1513 524 1553 uon
547 1497 673 1552 heredem
693 1497 807 1570 probare
823 1506 966 1572 oportere,
986 1500 1065 1572 igno·

91 1581 303 1656 rassealienam,
317 1583 379 1656 quia
391 1597 499 1655 semper
509 1583 656 1638 necessitas
668 1581 800 1656 probandi
816 1581 946 1638 incumbit
960 1581 1009 1650 illi,
1018 1583 1065 1655 qui

93 1667 159 1741 agit.
184 1665 238 1722 Sed
250 1674 279 1722 et
290 1668 313 1722 si
325 1683 382 1722 rem
395 1665 540 1741 obligatam
552 1666 679 1722 creditori
690 1665 788 1740 aliquis
800 1667 941 1742 legaverit,
953 1683 1066 1723 necesse
1083 1678 1099 1727 5

93 1751 176 1808 habet
191 1751 270 1806 heres
290 1752 376 1807 luere.
408 1757 436 1808 et
457 1751 509 1806 hoc
529 1767 639 1826 quoquc
660 1767 723 1806 casu
742 1750 813 1807 idem
829 1751 933 1826 placet,
949 1751 1022 1825 quod
1038 1753 1065 1806 in

93 1853 122 1892 re
138 1835 242 1906 aliena,
257 1844 289 1892 ut
303 1839 340 1892 ita
355 1835 463 1892 demum
478 1835 555 1891 luere
570 1851 682 1892 necesse
698 1834 794 1892 habeat
809 1837 904 1908 heres,
926 1838 950 1892 si
964 1835 1065 1892 sciebat

1 1945 2 1952 ¹
93 1921 256 1990 defunctus,
271 1937 328 1976 rem
344 1920 490 1995 obligatam
507 1936 580 1976 esse:
602 1927 631 1976 ct
650 1921 687 1976 ita
702 1919 755 1976 divi
772 1921 887 1977 Severus
908 1929 936 1976 et
951 1923 1065 1976 Antoni·

92 2023 144 2060 nus
159 2007 367 2080 rescripserunt.
400 2006 422 2060 si
437 2011 526 2060 tamen
541 2005 686 2060 deiunctus
707 2005 794 2060 voluit
814 2006 974 2078 legatarium
988 2005 1065 2060 luere

93 2099 121 2146 et
137 2091 191 2146 hoc
205 2092 348 2164 expressit,
364 2106 420 2145 nou
435 2089 516 2146 debet
531 2088 610 2145 heres
626 2105 681 2144 eam
697 2089 782 2144 luere.
819 2089 846 2144 Si
867 2105 911 2144 res
927 2089 1012 2144 aliena
1026 2089 1064 2144 le·
1082 2099 1098 2148 6

92 2184 156 2250 gata
171 2175 257 2232 luerit
277 2182 305 2230 et
320 2176 394 2246 eiuS,
416 2175 477 2229 vivo
498 2181 646 2243 testatore,
667 2173 813 2246 legatarius
836 2173 961 2228 dominus
977 2173 1064 2240 lactus

92 2261 194 2330 luerit,
215 2260 238 2314 si
260 2259 368 2333 quidem
388 2275 421 2314 ex
441 2275 521 2314 causa
541 2258 702 2332 emptionis,
723 2273 756 2312 err
776 2263 938 2313 testamento
959 2257 1065 2313 actione

1 2408 2 2411 Ἴ
92 2345 214 2419 pretium
229 2344 361 2418 consequi
375 2349 483 2418 potest:
498 2344 522 2398 si
538 2359 601 2398 vero
618 2335 744 2398 excausa
759 2341 903 2414 lucrativa,
925 2341 1010 2397 veluti
1032 2357 1064 2397 ex

93 2430 243 2486 donatione
257 2427 301 2484 vel
315 2443 348 2484 ex
363 2427 413 2483 alia
428 2427 509 2483 simili
523 2443 613 2498 causa,
629 2443 709 2501 agere
723 2443 780 2482 non
795 2433 896 2500 potest.
933 2443 994 2482 narn
1010 2434 1065 2482 tra·

93 2515 179 2570 ditum
197 2521 254 2585 est,
274 2513 340 2568 duas
359 2512 501 2569 lucrativas
527 2529 621 2568 causas
646 2513 673 2568 in
695 2509 809 2567 eundern
831 2512 968 2567 hominem
989 2519 1017 2566 et
1036 2513 1065 2566 in

94 2599 207 2655 e'andem
222 2615 279 2655 rem
295 2613 457 2654 concurrere
471 2613 527 2653 uon
542 2613 633 2670 posse.
670 2597 719 2652 hac
741 2597 846 2651 ratione
867 2597 890 2651 si
910 2611 942 2650 ex
957 2595 1064 2651 duobus

93 2685 265 2740 testamentis
280 2681 373 2738 eadem
388 2698 432 2738 res
448 2681 535 2737 eidem
550 2680 693 2751 debeatur,
710 2681 834 2750 interest,
850 2688 943 2735 utrum
957 2695 1014 2734 rem
1031 2695 1064 2733 an

93 2771 311 2826 aestimationem
326 2783 359 2822 ex
370 2773 533 2822 testamento
545 2773 708 2822 consecutus
720 2773 776 2820 est:
792 2782 852 2820 uam
868 2765 891 2820 si
902 2779 970 2833 rem,
982 2779 1064 2836 agere

92 2871 151 2910 non
165 2861 276 2928 potest,
300 2853 363 2925 quia
378 2850 459 2906 habet
479 2867 584 2906 cameri
605 2867 684 2907 causa
701 2849 843 2920 lucrativa,
858 2851 882 2904 si
901 2848 1064 2904 aestimatio·

93 2955 167 3010 nem,
184 2955 264 3012 agere
278 2943 379 3012 potest.
413 2929 466 2990 ³lla
478 2951 588 3009 quoque
603 2951 657 3006 res,
674 2951 742 3008 quae
757 2935 785 2990 in
795 2949 888 2992 rerum
902 2941 997 2990 natura
1009 2949 1064 2988 non
1082 2942 1098 2990 ‘t

93 3031 153 3095 est,
170 3025 194 3078 si
214 3021 295 3078 modo
315 3021 408 3076 sutura
428 3029 486 3090 est,
507 3027 581 3076 recte
596 3020 720 3094 legatur,
737 3019 821 3074 veluti
836 3017 958 3090 fructus,
976 3019 1064 3092 quiin

92 3107 141 3164 illo
158 3107 243 3164 lundo
259 3107 315 3162 nati
330 3113 426 3177 erunt,
447 3112 495 3161 aut
515 3103 590 3178 quod
611 3120 643 3160 er
663 3104 709 3160 illa
724 3103 818 3160 ancilla
835 3111 926 3160 natum
943 3105 1003 3159 erit.
1036 3101 1064 3158 Si
1081 3109 1098 3158 8

111 3379 112 3384 ,
165 3339 186 3402 ¹)
207 3339 320 3404 Tbeoplr.
347 3347 373 3390 ct
400 3339 501 3404 quidam
529 3339 605 3388 codd.
632 3337 709 3400 infer.
737 3337 771 3400 cf.
789 3337 813 3397 §-
833 3338 857 3386 ὅ.
875 3336 903 3385 Ι.
930 3336 961 3386 de
988 3341 1064 3397 empt.

1 3423 2 3456 3
92 3409 128 3473 (3,
142 3406 188 3474 24)
201 3407 335 3458 basilicae
348 3423 384 3457 em
395 3407 488 3457 ceteris
506 3407 580 3456 codd.
594 3407 653 3456 edd.
667 3405 740 3455 Sclrr.
760 3411 786 3454 et
803 3404 854 3455 Ka.
890 3401 910 3464 ²)
928 3403 1006 3450 εὖ.
1020 3403 1063 3453 21.

1 3521 2 3540 ,
91 3479 127 3526 D.
159 3479 192 3526 de
215 3475 321 3540 probat.
340 3475 395 3539 (22,
414 3472 440 3537 3)
467 3490 503 3524 ea:
524 3473 658 3524 Marciani
683 3475 698 3526 l.
718 3473 734 3522 6
751 3473 830 3521 instit.
917 3467 937 3532 ³)
954 3469 1013 3532 sere
1030 3488 1064 3509 =

1 3547 2 3602 ἶ
93 3545 153 3597 Gai.
175 3546 198 3602 2,
216 3541 276 3594 203.

1 3609 2 3614 ,
869 3619 911 3680 6*
