2484 3916
172 203 215 270 84
510 215 545 250 nc
565 213 686 250 caenare
705 199 741 258 ΙΙ,
760 199 801 248 20.

172 361 266 419 eadem
281 376 325 416 res
345 357 451 414 dnobus
473 356 563 430 legata
583 357 619 411 sit
640 357 696 410 sive
717 353 880 412 coniunctim
902 351 957 406 sive
978 347 1148 416 disiunctim,

172 449 195 500 si
211 444 288 500 ambo
304 443 461 518 perveniant
475 441 508 496 ad
523 441 659 514 legatum,
675 438 893 496 scinditurinter
907 451 955 492 eos
970 433 1108 509 legatum:
1125 433 1149 486 si

130 516 133 520 ¹
172 531 242 586 alter
257 526 374 599 deficiat,
391 528 452 599 quia
468 532 515 581 aut
529 527 663 599 spreverit
677 524 797 596 legatum
815 529 861 577 nrrt
875 523 934 580 vivo
950 525 1085 576 testatore
1101 517 1149 572 de·

172 614 286 670 cesserit
305 618 352 666 aut
373 609 425 667 alio
447 609 571 684 quolibet
593 607 674 666 modo
694 607 839 679 defecerit,
861 614 950 662 totum
972 604 1004 659 ad
1025 599 1149 676 collega·

173 699 269 752 tarium
285 697 412 770 pertinet.
441 695 605 750 coniunctim
623 700 714 750 autem
729 693 852 766 legatur,
868 689 953 748 veluti
966 690 989 744 si
1002 685 1149 762 quisdicat

173 789 260 842 armo
278 797 320 840 nr
342 795 414 837 sero
433 795 579 838 nomnen
599 793 737 838 screnum
756 793 798 836 no
814 792 911 836 areo:
932 773 1090 830 disiunctim
1110 772 1149 825 ita

172 880 261 924 armo
276 880 421 922 commum
433 879 570 922 erronum
581 879 624 922 no
635 879 735 934 cneo,
753 859 975 920 ea1o'sr1cramr
989 874 1032 916 no
1048 871 1146 915 aneo.

172 949 220 1009 sed
236 956 264 1004 et
287 949 311 1004 si
331 949 497 1022 expresserit
511 965 640 1006 nnunnu
654 964 800 1005 flourmnu
815 961 967 1016 srmnuu,
990 958 1079 1016 aeque
1095 939 1149 994 dis·

138 1051 154 1099 9
172 1035 285 1090 iunctim
306 1033 426 1106 legatum
446 1031 626 1108 intellegitur.
671 1031 699 1088 Si
718 1034 762 1088 cui
776 1030 877 1087 fundus
910 1030 1013 1086 alienus
1035 1027 1148 1100 legatus

173 1118 256 1172 fuerit
271 1123 299 1172 et
314 1118 411 1172 emerit
424 1118 619 1192 proprietatem
631 1117 753 1173 detracto
766 1113 910 1172 usufructu
927 1121 954 1170 et
970 1111 1148 1170 ususfructus

173 1201 288 1256 adeum
309 1201 466 1273 pervenerit
486 1207 515 1256 ct
533 1208 629 1276 postea
650 1218 683 1258 ex
703 1205 866 1257 testamento
888 1207 965 1276 agat,
987 1204 1062 1254 recte
1085 1211 1148 1251 eum

171 1301 253 1358 agere
268 1291 297 1340 et
311 1283 424 1340 fundum
439 1292 534 1358 petere
548 1285 666 1356 lulianus
682 1287 734 1357 ait,
756 1286 818 1360 quia
833 1284 1005 1342 ususfructus
1027 1283 1056 1338 in
1078 1279 1149 1354 peti·

173 1371 248 1424 tione
263 1369 402 1424 servitutis
417 1368 508 1424 locum
524 1371 645 1443 optinet;
666 1369 714 1425 sed
730 1367 822 1426 officio
837 1369 930 1425 indicis
946 1367 1102 1437 contineri,
1119 1372 1150 1420 ut

123 1466 155 1514 10
173 1452 290 1508 deducto
306 1452 451 1508 usufructu
470 1453 561 1508 iubeat
581 1455 792 1510 aestimationem
808 1455 947 1528 praestari.
978 1451 1033 1508 Sed
1049 1451 1074 1506 si
1090 1467 1149 1504 rem

171 1537 295 1610 legatarii
311 1539 371 1612 quis
388 1538 412 1592 ei
427 1537 574 1612 legaverit,
590 1537 686 1596 inutile
701 1539 820 1612 legatum
836 1545 895 1608 cst,
912 1539 975 1612 quia
990 1535 1067 1610 quod
1083 1551 1149 1609 pro-

172 1622 259 1694 prium
276 1628 318 1676 est
332 1623 436 1696 ipsius,
450 1621 564 1696 amplius
580 1623 638 1677 eius
654 1620 712 1678 fieri
727 1639 782 1678 non
797 1629 906 1695 potest:
922 1629 950 1677 et
965 1621 1030 1678 licet
1045 1619 1148 1676 aliena·

123 1717 153 1764 11
173 1706 242 1760 verit
257 1721 329 1766 eam,
350 1721 406 1761 non
421 1703 536 1761 debetur
556 1723 606 1762 nec
626 1708 684 1780 ipsa
703 1723 753 1762 nec
772 1707 922 1762 aestimatio
938 1707 1006 1762 eius.
1039 1703 1148 1776 Siquis

171 1805 229 1844 rem
250 1805 327 1844 suem
349 1791 426 1862 quasi
446 1789 558 1845 alienam
578 1789 725 1864 legaverit,
752 1789 823 1846 valet
843 1789 976 1866 legatum:
1001 1807 1063 1845 nam
1084 1789 1148 1862 plus

173 1871 254 1942 valet,
271 1873 343 1946 quod
359 1874 514 1929 inveritate
530 1881 582 1943 est,
599 1890 676 1946 quam
694 1873 768 1948 quod
783 1875 810 1930 in
827 1877 964 1948 opinione.
1001 1874 1050 1930 sed
1073 1881 1103 1930 et
1124 1874 1147 1927 si

171 1955 294 2029 legatarii
308 1959 428 2031 putavit,
444 1957 532 2013 valere
547 1964 669 2027 constat,
687 1959 749 2034 quia
765 1961 866 2014 exitum
882 1960 1007 2018 voluntas
1023 1958 1147 2014 defuncti

122 2059 153 2107 12
171 2047 264 2113 potest
279 2040 386 2096 babere.
417 2041 446 2097 Si
467 2058 524 2098 rem
539 2058 613 2096 suana
629 2041 762 2116 legaverit
782 2049 900 2100 testator
918 2051 1072 2119 posteaque
1089 2059 1147 2098 earn

172 2123 339 2196 alienaverit,
354 2124 448 2182 Celsus
463 2127 614 2198 existimat,
637 2129 659 2182 si
683 2143 738 2184 uon
754 2127 886 2184 adimendi
908 2130 996 2184 animo
1012 2127 1145 2196 vendidit,

172 2208 256 2266 nihilo
273 2211 360 2266 minus
381 2209 489 2281 deberi,
513 2209 596 2284 idque
618 2210 671 2268 divi
691 2211 806 2268 Severus
822 2219 850 2268 et
871 2214 1025 2269 Antoninus
1047 2213 1146 2267 rescri-

171 2299 294 2364 pserunt.
325 2293 405 2348 iidem
421 2288 646 2367 rescripserunt,¹
664 2312 740 2367 eum,
757 2298 804 2370 qui
817 2304 882 2370 post
897 2304 1091 2353 testamentum
1106 2295 1145 2350 fa·

171 2381 245 2429 ctum
260 2375 379 2448 praedia,
395 2392 464 2448 quae
478 2377 569 2450 legata
584 2385 675 2448 erant,
691 2381 800 2454 pignori
815 2381 905 2451 dedit,
922 2382 1055 2438 ademisse
1070 2381 1142 2455 lega·

171 2465 229 2514 tum
245 2474 300 2514 non
315 2457 400 2514 videri
416 2465 444 2514 et
456 2459 519 2516 ideo
535 2461 693 2534 legatarium
709 2480 770 2520 cum
785 2465 885 2522 herede
901 2483 982 2540 agere
997 2483 1097 2541 posse,
1113 2473 1144 2520 ut

170 2540 308 2614 praediea
328 2541 463 2598 creditore
484 2543 601 2600 luantur.
638 2547 662 2602 si
684 2563 748 2603 vero
770 2539 830 2624 quis
851 2557 957 2624 partem
981 2551 1021 2606 rei
1036 2549 1143 2624 legatae

171 2623 335 2697 alienaverit,
346 2641 419 2699 pars,
432 2643 501 2700 quae
513 2643 566 2685 non
584 2635 626 2685 est
635 2630 758 2703 alienata,
770 2635 926 2690 omnimodo
938 2633 1063 2705 debetur,
1080 2651 1142 2708 pars

170 2714 260 2764 autem
276 2709 389 2765 alienata
403 2711 440 2765 ita
455 2709 583 2782 debetur,
604 2715 626 2770 si
641 2731 697 2771 non
712 2715 845 2772 adimendi
860 2721 948 2774 animo
964 2718 1080 2774 alienata
1096 2720 1140 2773 sit.

121 2805 153 2854 13
171 2792 200 2848 Si
215 2794 274 2867 quis
297 2791 413 2848 debitori
432 2810 484 2850 suo
504 2794 690 2856 liberationem
710 2799 856 2874 legaverit,
879 2803 1000 2877 legatum
1016 2803 1085 2858 utile
1100 2810 1143 2859 est

171 2883 302 2948 etncque
317 2875 422 2949 abipso
438 2876 562 2936 debitore
581 2899 670 2957 neque
692 2882 723 2938 ab
745 2885 845 2942 herede
866 2889 924 2943 eius
946 2894 1041 2961 potest
1064 2887 1141 2944 heres

170 2964 265 3032 petere
279 2975 331 3014 uec
345 2958 377 3014 ab
392 2960 457 3032 alio,
474 2965 521 3036 qui
536 2965 643 3022 heredis
659 2967 721 3024 loco
737 2975 792 3024 est:
814 2970 863 3026 sed
884 2979 911 3027 et
926 2978 1020 3045 potest
1036 2990 1051 3028 a
1066 2970 1141 3027 debi-

172 3049 232 3096 tore
248 3044 400 3114 conveniri,
417 3052 447 3100 ut
461 3045 559 3105 liberet
573 3065 644 3106 eum.
674 3059 872 3128 potestantem
889 3057 949 3130 quis
966 3055 1009 3112 vel
1024 3057 1057 3112 ad
1076 3064 1142 3112 tem-

121 3139 154 3188 14
170 3141 221 3200 pus
237 3125 345 3198 iubere,
361 3145 395 3184 ne
410 3129 488 3187 heres
509 3140 594 3207 petat.
624 3133 662 3190 nx
682 3139 818 3194 contrario
839 3140 863 3195 si
884 3139 992 3196 debitor
1011 3141 1141 3196 creditori

170 3227 221 3266 suo
237 3211 311 3285 quod
326 3211 415 3286 debet,
429 3214 570 3290 legaverit,
585 3219 681 3276 inutile
696 3228 737 3277 est
751 3221 882 3296 legatum,
898 3226 923 3280 si
936 3224 1005 3280 nibil
1020 3225 1084 3298 plus
1094 3233 1142 3281 est

170 3295 198 3349 in
212 3295 304 3368 legato
320 3314 400 3371 quam
415 3299 443 3354 in
455 3300 557 3372 debito,
569 3304 630 3376 quia
645 3305 712 3362 nibil
724 3305 838 3381 amplius
851 3307 931 3366 babet
942 3325 993 3382 per
1007 3309 1139 3384 legatum.

239 3473 258 3537 ¹)
277 3475 310 3528 L.
330 3481 354 3530 3.
375 3479 400 3531 0.
421 3481 453 3528 de
471 3483 539 3546 legat
567 3483 600 3547 (6,
620 3485 673 3548 37).
