2486 3916
369 211 405 246 22
424 211 520 248 neuun
537 210 686 248 n1v1s1oxu
705 197 741 260 Il,
761 198 784 248 1.
1024 193 1065 258 39

91 362 207 424 cantur,
224 355 269 427 qui
285 360 389 424 tamen,
405 355 428 408 si
444 355 577 408 evaserint
592 360 713 408 nostram
727 360 892 426 potestatem
909 360 935 407 et
951 351 983 408 ad
999 369 1063 408 suos

92 439 198 494 reversi
214 437 326 508 luerint,
342 439 486 510 pristinum
497 446 596 494 statum
609 439 752 510 recipiunt.
781 429 867 492 1ltem
879 436 972 510 lapilli,
989 453 1064 510 gem·
1084 449 1114 498 18

93 539 155 578 mae
171 531 198 578 et
214 529 318 592 cetera,
336 538 404 594 quae
418 523 447 577 in
462 521 546 578 litore·
556 522 747 591 inveniuntur,
768 523 827 578 iure
843 521 958 576 naturali
973 522 1064 576 statim

93 608 245 662 inventoris
267 599 345 663 liunt.
373 606 439 662 ltem
455 622 495 677 ea,
512 622 580 678 quae
596 622 628 661 ex
638 604 794 660 animalibus
808 604 927 660 dominio
939 614 987 660 tuo
1000 604 1064 660 sub·
1084 615 1115 662 19

94 693 174 748 iectis
190 699 252 746 nata
268 699 348 762 sunt,
364 689 460 746 eodem
477 691 535 745 iure
550 689 599 745 tibi
614 689 801 763 adquiruntur.

163 767 322 832 ²Praeterea
339 774 411 848 quod
428 791 477 848 per
498 773 659 830 alluvionem
682 790 748 847 agro
769 781 818 830 tuo
840 771 941 828 llumsn
956 772 1063 843 adiecit,
1083 782 1115 829 20

93 861 156 914 1222
173 861 295 932 gentium
316 858 364 914 tibi
380 858 539 932 adquiritur.
578 865 620 913 est
640 865 730 913 autem
747 857 846 914 alluvio
868 859 1064 912 incrementum

94 944 194 998 latens.
225 960 275 1016 per
290 943 451 1000 alluvionem
474 951 563 998 autem
584 941 611 997 id
627 941 733 997 videtur
747 941 829 1012 adici,
854 941 927 1014 quod
948 941 984 995 ita
999 957 1064 1013 pau-

94 1028 172 1083 latim
187 1027 311 1098 adicitur,
328 1035 358 1082 ut
372 1025 533 1100 intellegere
548 1042 603 1082 222
618 1027 718 1100 possis,
735 1035 865 1098 quantum
881 1041 992 1100 quoquo
1007 1041 1065 1080 mo-

93 1119 189 1168 mento
207 1113 335 1184 temporis
351 1111 489 1166 adiciatur.
521 1108 622 1177 Quodsi
643 1112 682 1166 vis
698 1110 815 1166 fluminis
830 1118 934 1183 partem
950 1109 1065 1182 aliquam
1083 1114 1114 1160 21

94 1213 130 1252 ex
146 1204 194 1252 tuo
210 1195 320 1269 praedio
336 1195 483 1250 detraxerit
497 1203 525 1250 et
539 1196 618 1250 vicini
632 1195 743 1268 praedio
759 1194 905 1268 appulerit,
921 1193 1007 1268 palam
1023 1202 1066 1248 est

95 1297 156 1336 cam
171 1289 245 1336 tuam
260 1295 427 1353 permanere.
458 1277 538 1352 plane
554 1280 577 1334 si
598 1278 724 1352 longiore
739 1287 862 1352 tempore
878 1278 963 1334 lundo
985 1278 1065 1333 vicini

95 1365 215 1420 haeserit
230 1363 406 1436 arboresque,
423 1368 488 1436 quas
504 1379 596 1418 secum
612 1365 739 1435 traxerit,
761 1365 790 1420 in
812 1379 873 1418 eum
895 1361 1009 1417 fundum
1024 1379 1065 1416 ra·

98 1449 175 1504 dices
190 1449 314 1522 egerint,
327 1465 360 1502 ex
375 1464 407 1503 eo
424 1455 547 1520 tempore
567 1446 694 1502 videntur
714 1448 794 1503 vicini
809 1445 894 1501 fundo
915 1445 1065 1518 adquisitae

97 1549 170 1588 esse.
198 1532 303 1603 insula,
324 1548 392 1605 qnae
412 1533 440 1586 in
456 1532 521 1586 mari
536 1539 598 1586 nata
613 1539 671 1601 est,
693 1529 766 1604 quod
781 1546 843 1586 raro
859 1529 970 1600 accidit,
985 1544 1065 1584 oocu-
1083 1533 1116 1581 22

94 1618 187 1690 pautis
204 1615 248 1672 lit:
263 1617 363 1672 nullius
376 1617 448 1671 enim
463 1631 523 1671 esse
539 1615 667 1670 creditur.
696 1623 722 1670 at
737 1616 766 1670 12
778 1613 888 1670 tlumiue
903 1620 975 1684 nata,
991 1612 1065 1685 quod

95 1701 258 1774 frequenter
277 1700 386 1770 accidit,
408 1701 432 1754 si
454 1699 561 1772 quidem
581 1699 695 1755 mediam
711 1706 815 1772 partem
830 1697 947 1754 [luminis
964 1704 1065 1767 teneat,

90 1786 248 1842 communis
261 1792 302 1840 est
314 1800 419 1855 eorum,
435 1785 481 1857 qui
493 1782 524 1838 ab
536 1791 650 1857 utraque
665 1791 741 1858 parte
752 1783 870 1840 lluminis
881 1799 968 1860 prope
980 1782 1066 1854 ripam

96 1869 209 1944 praedia
225 1867 381 1942 possident,
401 1884 452 1940 pro
475 1867 556 1923 modo
577 1868 726 1924 latitudinis
742 1869 874 1942 cuiusque
889 1866 981 1938 fundi,
998 1881 1066 1939 quae
1085 1887 1090 1897 ¹

95 1953 213 2010 latitudo
235 1969 321 2028 prope
342 1953 426 2026 ripam
447 1953 493 2006 sit.
532 1952 630 2025 quodsi
656 1953 733 2008 alteri
759 1953 829 2025 parti
848 1952 999 2024 proximior
1019 1951 1064 2019 sit,

96 2055 193 2094 eorum
210 2045 252 2092 est
266 2044 386 2108 tantum,
409 2037 455 2110 qui
470 2035 502 2091 ab
518 2053 548 2091 22
563 2044 639 2108 parte
655 2053 741 2109 prope
755 2038 839 2108 ripam
854 2033 962 2106 praedia
977 2033 1066 2106 possi·

97 2123 172 2178 dent.
205 2121 304 2195 quodsi
319 2121 407 2194 aliqua
421 2128 498 2194 parte
509 2119 623 2175 divisum
639 2119 749 2190 llumen,
765 2117 862 2174 deinde
876 2117 946 2170 inira
961 2117 1065 2170 unitum

96 2223 193 2282 agrum
210 2205 322 2261 alieuius
336 2206 364 2260 in
380 2205 492 2262 sormam
508 2202 612 2260 insulae
627 2203 775 2276 redegerit,
791 2200 910 2256 eiusdem
926 2207 1065 2272 permanet

97 2293 119 2346 is
136 2307 218 2366 ager,
241 2291 316 2345 cuius
338 2297 365 2344 et
384 2289 481 2344 iuerat.
519 2287 620 2356 Quodsi
641 2287 756 2342 naturali
776 2286 851 2340 alveo
866 2285 894 2340 in
910 2285 1065 2339 universum
1084 2289 1117 2354 23

97 2375 231 2432 derelicto
244 2374 293 2429 alia
306 2381 383 2447 parte
398 2371 484 2428 fluere
500 2373 632 2445 coeperit,
648 2373 723 2444 prior
739 2370 847 2444 quidem
863 2369 954 2424 alveus
971 2383 1066 2423 eorum

97 2467 151 2530 est,
168 2461 215 2532 qui
230 2475 316 2532 prope
331 2459 416 2530 ripam
432 2458 490 2512 eius
505 2455 612 2530 praedia
627 2455 783 2530 possident,
800 2470 850 2528 222
865 2452 947 2508 modo
964 2452 1066 2508 scilieet

97 2543 247 2599 latitudinis
263 2543 394 2614 cuiusque
409 2543 478 2614 agri,
494 2557 562 2614 quae
576 2540 691 2596 latitudo
706 2557 792 2614 prope
806 2539 890 2612 ripam
907 2539 957 2606 sit3
980 2553 1066 2592 novus

97 2635 188 2684 autem
205 2626 295 2682 alveus
311 2628 369 2682 eius
384 2627 450 2680 iuris
466 2641 526 2680 esse
541 2625 651 2697 incipit,
668 2626 787 2681 cuiuset
803 2625 890 2696 ipsum
907 2621 1023 2690 flumen,
1039 2620 1066 2674 id

97 2720 141 2768 est
155 2704 286 2785 publici³
318 2709 416 2784 quodsi
435 2719 500 2783 post
521 2708 630 2782 aliquod
647 2719 753 2782 tempus
774 2707 807 2762 ad
827 2707 946 2780 priorem
962 2704 1065 2759 alveum

97 2813 238 2852 reversum
258 2795 340 2850 luerit
360 2793 475 2865 flumen,
498 2810 593 2849 rursus
614 2809 700 2848 novus
724 2793 815 2847 alvens
836 2806 930 2845 eorum
951 2789 1067 2844 222212-

97 2881 175 2955 cipit,
193 2881 239 2952 qui
253 2895 339 2952 prope
355 2880 439 2952 ripam
456 2879 514 2933 eius
530 2877 637 2950 praedia
652 2876 803 2950 possident.
835 2874 892 2928 Alia
908 2889 971 2928 sane
988 2889 1067 2927 eausa
1085 2874 1118 2922 24

97 2973 151 3036 est,
168 2965 191 3020 si
207 2965 284 3020 cuius
300 2970 375 3018 totus
391 2978 456 3036 ager
471 2961 617 3018 inundatus
633 2961 723 3018 luerit.
761 2975 849 3033 neque
869 2957 1067 3014 2212122212-

97 3051 138 3104 tio
154 3049 273 3122 speciem
288 3047 365 3102 sundi
380 3054 527 3104 commutat
543 3053 570 3101 et
586 3045 620 3101 oh
635 3045 673 3116 id,
689 3047 711 3100 si
727 3044 870 3100 recesserit
885 3059 964 3116 aqua,
980 3042 1068 3116 palam

97 3142 156 3205 est,
172 3149 235 3188 eum
250 3131 364 3186 fundum
380 3133 438 3186 2122
454 3146 578 3202 manere,
595 3131 671 3186 cuius
688 3137 715 3184 et
730 3129 790 3184 luit.

169 3279 188 3342 1)
206 3279 247 3340 55.
268 3281 307 3340 18.
328 3281 359 3328 19
376 3279 435 3340 fere
453 3299 487 3319 =
505 3279 537 3327 L.
558 3280 582 3328 3.
601 3277 635 3326 D.
654 3279 685 3327 de
705 3277 754 3329 dio.
773 3291 826 3328 rer.
846 3275 880 3339 (1,
899 3273 925 3335 8)
944 3275 976 3322 L.
996 3273 1066 3322 6.D.

97 3349 131 3398 de
144 3363 200 3412 aeq.
213 3363 268 3402 rer.
281 3349 346 3398 dom.
365 3343 417 3409 (41,
432 3345 456 3408 1)
470 3362 505 3396 22
522 3344 667 3396 Florentino·
683 3347 699 3394 ἱ.
714 3345 821 3407 6122112.
857 3341 879 3404 2)
898 3342 937 3402 ἐξ.
951 3342 1012 3389 20..
1023 3341 1068 3388 ,24

94 3417 156 3478 sere
175 3435 209 3456 =
228 3415 260 3463 L.
281 3417 295 3464 'l
314 3415 354 3475 ἓξ.
376 3415 455 3463 1...6
473 3414 506 3462 D.
530 3415 562 3462 de
580 3427 636 3478 aeq.
660 3428 713 3462 rer.
740 3413 805 3462 dom.
831 3409 887 3472 (41,
907 3407 931 3469 1)
956 3423 991 3457 ex
1011 3406 1066 3456 Gai.

96 3486 113 3536 1,
136 3499 158 3533 2.
229 3481 248 3545 ³)
267 3483 305 3531 sic
325 3481 435 3545 Theopl.
454 3479 593 3546 publicum
612 3481 685 3531 codd.
706 3478 831 3542 publicus
843 3478 903 3540 rip.
923 3476 962 3524 ed.
982 3474 1034 3527 Kr.
