2484 3916
181 221 222 286 66
367 239 403 274 ou
422 237 662 274 exnnnuuerrons
681 233 846 272 undenorum
864 222 902 285 11,
923 224 962 272 13.

181 386 318 450 mentum,
342 395 398 451 quo
420 378 498 436 furor
519 395 613 434 eorum
634 380 804 435 intermissus
820 387 877 449 est,
899 379 958 434 iure
979 378 1072 433 testati
1095 394 1161 433 esse

181 462 317 532 videntur,
332 470 407 520 certe
422 479 471 535 eo,
487 462 561 536 quod
576 471 638 518 ante
653 462 774 520 furorem
790 463 914 532 fecerint,
930 469 1097 518 testamento
1114 479 1162 516 va-

180 547 267 602 lente:
289 563 350 602 nam
371 563 460 621 neque
482 555 643 603 testamento
668 555 743 603 recte
770 547 840 604 iacta
860 563 950 621 neque
971 546 1045 602 aliud
1067 546 1160 602 ullum

146 645 162 698 2
181 631 322 705 negotium
336 640 410 688 recte
421 639 529 705 gestum
541 639 637 706 postea
650 631 728 687 iuror
739 633 923 688 interveniens
934 632 1060 704 peremit.
1087 630 1160 686 ltem

181 714 329 789 prodigus,
357 718 401 772 cui
425 715 560 772 honorum
585 732 696 772 suorum
718 715 914 774 administratio
935 714 1081 772 interdicta
1103 723 1161 785 est,

181 807 374 856 testamentum
390 801 477 856 lacere
489 817 545 856 non
555 807 657 874 potest,
672 798 720 856 sed
735 799 773 870 id,
790 800 864 874 quod
875 808 937 856 aute
952 799 1060 869 iecerit,
1072 815 1161 873 quam

147 890 163 938 3
180 883 333 940 interdictio
350 887 375 941 ei
389 884 525 940 bonorum
547 883 607 955 liat,
629 892 715 940 ratum
731 893 782 942 est.
818 885 885 941 ltem
901 890 994 940 mutus
1010 892 1038 939 et
1052 883 1161 940 surdus

180 985 236 1026 uon
250 985 357 1042 semper
371 969 460 1024 lacere
475 976 668 1025 testamentum
687 977 814 1042 possunt.
846 970 943 1042 utique
963 975 1055 1024 autem
1069 967 1106 1023 de
1123 983 1160 1023 eo

180 1053 264 1109 surdo
279 1052 426 1125 loquimur,
443 1054 490 1126 qui
506 1055 616 1110 omuino
632 1069 688 1110 non
703 1053 828 1126 exaudit,
845 1070 900 1110 non
917 1054 965 1126 qui
981 1052 1056 1108 tarde
1071 1068 1161 1108 exau·

181 1138 234 1192 dit:
250 1151 311 1192 nam
326 1145 354 1192 et
369 1145 460 1192 mutus
475 1137 498 1192 is
513 1137 700 1212 intellegitur,
716 1139 763 1211 qui
778 1138 871 1212 eloqui
885 1137 954 1194 nihil
969 1145 1081 1210 potest,
1099 1153 1161 1192 nou

181 1222 228 1293 qui
243 1219 320 1275 tarde
334 1221 466 1294 loquitur.
503 1239 583 1295 saepe
603 1229 693 1278 autem
714 1224 794 1278 etiam
808 1223 921 1278 litterati
942 1231 970 1278 et
985 1221 1089 1276 eruditi
1105 1222 1162 1277 ho·

181 1305 266 1360 mines
287 1305 366 1361 variis
386 1305 492 1362 oasihus
514 1313 542 1362 et
561 1305 686 1362 audiendi
709 1314 736 1362 et
757 1305 888 1380 loquendi
902 1305 1060 1362 facultatem
1076 1307 1161 1362 amit-

181 1395 257 1444 tunt:
277 1388 349 1445 uude
369 1397 463 1445 nostra
483 1384 663 1447 constitutio¹
689 1392 769 1447 etiam
789 1391 831 1447 his
852 1389 995 1462 subvenit,
1020 1397 1049 1445 ut
1071 1391 1160 1446 certis

142 1529 146 1543 ,
180 1472 286 1529 ossibus
301 1481 329 1530 et
344 1473 431 1530 modis
446 1475 594 1532 secundum
605 1492 727 1532 normam
741 1476 800 1531 eius
815 1475 922 1550 possint
936 1475 1033 1531 testari
1048 1474 1163 1548 aliaque
1239 1495 1240 1518 1

181 1557 279 1628 lacere,
295 1575 364 1631 quae
379 1559 417 1614 eis
432 1561 563 1632 permissa
577 1568 651 1616 sunt.
683 1553 750 1615 ²sed
765 1561 789 1615 si
804 1562 864 1634 quis
879 1567 943 1634 post
957 1567 1162 1616 testamentum

180 1642 281 1696 laetum
296 1643 448 1699 valetudine
463 1651 510 1699 aut
525 1643 649 1717 quolibet
663 1643 715 1700 alio
731 1660 796 1700 oasu
806 1651 898 1700 mutus
912 1652 959 1699 aut
973 1642 1076 1698 surdus
1095 1660 1162 1699 esse

146 1732 163 1780 4
181 1726 311 1798 eoeperit,
324 1733 412 1782 ratum
422 1727 508 1783 nihilo
524 1730 612 1783 minus
623 1729 682 1784 eius
694 1736 815 1784 remanet
826 1735 1029 1784 testamentum.
1052 1725 1161 1784 Caecus

179 1815 339 1866 autemnon
360 1817 452 1883 potest
471 1811 560 1868 iacere
574 1819 767 1868 testamentum
787 1814 840 1870 nisi
858 1829 908 1886 per
922 1811 1161 1883 observationem,

72 1891 85 1894 ”
146 1899 260 1965 tiquam
274 1893 319 1949 len
334 1893 387 1950 divi
408 1894 504 1952 lustini
523 1897 608 1969 patris
629 1898 680 1952 mei
699 1896 865 1954 indroduxit.
902 1890 1002 1968 ⁴Eius,
1018 1897 1066 1971 qui
1082 1897 1163 1971 apud

181 1976 275 2033 hostes
297 1986 355 2051 est,
375 1986 584 2051 testamentum,
607 1979 681 2056 quod
702 1979 738 2036 ihi
753 1981 833 2054 feeit,
849 1998 905 2038 uon
920 1981 1008 2052 valet,
1030 1983 1159 2055 quamvis

180 2060 305 2118 redierit:
335 2063 383 2120 sed
404 2062 495 2138 quod,
516 2063 580 2120 dum
600 2066 629 2120 in
644 2066 751 2120 civitate
765 2065 870 2138 luerat,
891 2065 971 2137 iecit,
993 2067 1051 2122 sive
1066 2065 1163 2122 redie·
1238 2115 1239 2124 ,

179 2147 231 2218 rit,
253 2146 323 2204 valet
341 2148 400 2204 iure
421 2148 595 2222 postliminii,
616 2151 673 2205 sive
687 2149 743 2206 illie
757 2149 922 2222 decesserit,
942 2150 1014 2206 velet
1037 2167 1071 2206 er
1093 2151 1162 2225 lege
1238 2139 1239 2158 ¹

179 2228 312 2288 Cornelia.

594 2425 651 2467 ΤΙΤ.
665 2427 732 2470 xm.

349 2525 399 2574 DE
418 2525 734 2584 EXHEREDATIONE
753 2532 980 2585 LIBERORUM.

128 2664 164 2704 er.
247 2641 324 2704 ⁵Nou
343 2653 449 2719 tamen,
475 2656 505 2704 ut
526 2652 681 2710 omnimodo
701 2653 786 2711 voleat
804 2663 1022 2731 testamentum,
1051 2658 1162 2716 suificit
1237 2719 1238 2724 ,

180 2733 246 2788 haee
266 2730 433 2804 observatio,
457 2749 536 2804 quam
557 2751 639 2808 supra
659 2740 843 2811 exposuimus.
883 2741 932 2797 sed
953 2744 1001 2815 qui
1021 2741 1113 2800 lilium
1130 2747 1160 2800 in

179 2823 315 2888 potestate
335 2815 429 2888 hahet,
450 2813 531 2873 dehet
549 2835 660 2891 curare,
682 2821 711 2877 u't
730 2839 792 2879 eum
812 2825 941 2882 heredem
962 2827 1094 2885 instituat
1113 2829 1159 2884 vel

181 2899 342 2956 exheredem
365 2901 522 2957 nominatim
542 2901 633 2958 iaciat:
658 2904 778 2979 alioquin
804 2910 827 2964 si
848 2926 910 2965 eum
935 2911 1047 2969 silentio
1076 2930 1158 2987 prae·

179 2983 299 3053 terierit,
319 2983 453 3040 inutiliter
473 2985 631 3059 testabitur,
652 2989 719 3046 adeo
735 2991 844 3064 quidem
859 3002 906 3066 ut,
927 2997 980 3051 etsi
995 2997 1059 3053 vivo
1076 3007 1158 3072 patre

180 3062 251 3121 filius
267 3074 391 3123 mortuus
406 3070 456 3142 sit,
477 3086 556 3128 nemo
573 3087 604 3127 en
620 3088 653 3128 eo
668 3080 831 3134 testamento
852 3079 931 3136 heres
947 3082 1068 3138 existere
1090 3099 1157 3156 pos·

175 3345 178 3352 ,
248 3295 268 3360 ¹)
285 3299 320 3350 L.
339 3302 380 3351 10.
400 3301 428 3351 0.
456 3305 500 3368 qut
515 3310 612 3354 testum.
635 3305 688 3361 soc.
708 3303 742 3372 (6,
761 3307 813 3371 22).
900 3309 921 3372 ²)
937 3311 998 3375 sere
1017 3332 1054 3354 ==
1072 3315 1105 3364 L.
1125 3313 1155 3365 6.

178 3364 297 3422 §.1.D.
318 3369 614 3434 qmtertam.sao.(28‚
634 3371 658 3434 1)
682 3389 718 3424 ero
741 3375 832 3426 Gatit.
853 3379 998 3429 taedeat.
1016 3396 1093 3444 prov.
1127 3379 1153 3442 ⁸)

178 3429 212 3478 L.
230 3431 255 3481 8
276 3432 303 3482 0.
321 3436 377 3485 eod.
396 3435 430 3499 (6,
448 3435 501 3500 22).
552 3436 574 3505 4)
592 3439 647 3488 tnta.
665 3462 699 3482 =
716 3441 749 3493 L.
769 3443 844 3508 8pr.
862 3445 895 3494 D.
915 3447 973 3498 eod.
993 3446 1048 3511 (28,
1069 3447 1095 3510 1)
1113 3463 1156 3498 ear

180 3495 238 3546 Gaas
254 3500 271 3551 l.
289 3514 311 3548 o.
382 3499 402 3565 ⁵)
419 3523 454 3545 =
473 3505 528 3556 (icti.
545 3507 570 3566 2,
590 3508 646 3559 115.
664 3511 713 3558 123
730 3516 788 3564 mut.
