2484 3916
128 209 194 260 XIV
532 222 700 261 rasennam.

128 355 174 404 aut
203 350 231 404 in
247 365 277 404 eo
306 356 383 423 parte
402 347 519 422 ltaliae,
550 365 619 424 quae
645 347 769 406 orientali
794 351 950 424 imperatori
973 359 1097 424 pareret,

126 434 226 506 scripta
243 449 308 489 esse
320 447 436 489 necesse
456 435 508 507 sit,
531 442 558 490 et
580 433 727 508 utrobique
742 435 879 490 doctiores
900 435 1095 510 iureconsulti,

127 516 229 590 quihus
240 517 346 573 arbitris
372 518 400 573 id
427 516 519 592 fieret,
541 521 684 594 utriusque
699 521 867 576 litteraturae
898 521 974 594 gnari
989 527 1096 588 essent,

127 601 200 674 quod
216 602 253 658 de'
264 601 337 658 ltalia
353 604 432 658 etiam
449 621 482 660 ea
497 604 648 660 dictatode
663 605 824 662 consiliariis
840 611 948 660 constat
960 601 1093 679 lSaviguy

126 685 222 742 tiesoh.
240 686 266 742 d.
283 686 319 744 R:
330 687 361 744 li.
379 689 409 744 ll.
426 705 454 762 p.
473 688 544 760 196)
560 691 603 745 rin
619 688 742 746 debitore
758 689 837 761 licet,
859 697 963 744 mature
979 687 1011 743 ab
1026 687 1093 759 illis,

125 787 186 827 oum
202 771 236 827 de
250 773 461 848 interpretandis
477 775 520 830 vel
535 781 608 830 reete
623 774 748 849 legendis
763 773 982 830 Institutionibus
998 789 1094 846 agere·

124 863 186 928 tur,
203 859 282 914 etiam
298 858 442 932 Theophili
457 857 658 915 celeberrimam
672 860 848 934 paraphrasin
861 857 1006 914 adhibitam
1021 873 1091 912 esse.

125 941 208 1016 idque
228 941 369 998 confirmat
395 944 529 998 vetustior
549 943 722 1000 'laurinensis
750 943 858 1018 glossae
879 960 957 1016 pars,
979 944 1007 999 iu
1029 958 1093 1015 qua,

126 1025 197 1100 quod
213 1027 330 1100 primum
345 1026 524 1084 Schraderum
538 1024 646 1100 (mouit.
664 1029 697 1083 ad
713 1029 775 1084 lect.
799 1025 908 1102 psalt.
926 1026 992 1098 xvi)
1008 1027 1092 1081 anim-

125 1111 273 1168 advertisse
292 1113 390 1183 credo,
408 1111 548 1186 ‘quaedam
575 1129 636 1168 cum
658 1112 809 1186 Theophilo
831 1114 953 1186 proxime
974 1118 1092 1184 cognata

124 1197 226 1251 insunt.
258 1195 327 1252 Sane
343 1197 589 1256 enimnnmseilb.
606 1197 637 1252 ud
653 1195 696 1270 lll,
712 1198 762 1269 21,
777 1215 819 1272 pr.
836 1195 1031 1270 llheophilinae
1047 1195 1092 1250 de-

125 1277 238 1336 finitioni
261 1281 291 1336 ad
314 1281 427 1338 verbum
457 1283 620 1356 respondet,
647 1289 675 1338 et
696 1299 769 1339 num.
788 1281 859 1340 207.
885 1281 918 1337 ad
933 1280 971 1352 ll,
992 1277 1044 1350 17,
1063 1280 1089 1334 1.

123 1383 198 1423 uum.
214 1365 286 1423 422.
303 1365 398 1438 adlll,
420 1365 478 1439 23,
498 1385 539 1442 pr.
558 1383 631 1423 num.
641 1367 718 1426 2154.
736 1367 773 1423 ad
794 1365 843 1438 lll,
868 1365 925 1438 29,
943 1363 971 1422 3.
995 1363 1092 1439 quibus

124 1451 191 1507 adde
207 1467 280 1508 num.
300 1445 343 1508 lb.
361 1451 435 1524 adl,
455 1452 555 1524 13,'·3.
577 1469 653 1509 rrum.
670 1453 699 1510 7.
716 1451 748 1508 ad
764 1451 864 1526 l,'20,
888 1468 929 1526 pr.
947 1449 1089 1506 numxltl.

124 1536 193 1608 adl,
210 1535 260 1607 20,
277 1535 305 1594 3.
322 1554 396 1594 num.
415 1537 484 1596 100.
502 1538 535 1593 ad
550 1537 582 1610 ll,
600 1537 634 1611 3,
652 1539 680 1594 1.
697 1555 771 1594 num.
791 1537 861 1594 1¹97.
879 1535 911 1592 ad
926 1535 964 1606 ll,
982 1534 1038 1603 15,
1057 1533 1091 1588 d.

124 1629 178 1676 tam
198 1621 349 1694 'lheophilo
371 1623 433 1696 plus
448 1625 576 1679 minusve
601 1623 702 1678 similes
727 1631 806 1693 sunt,
834 1629 864 1676 ut
890 1620 975 1693 prima
1002 1633 1093 1673 earum

124 1704 277 1779 glossarum
298 1706 377 1779 origo
402 1722 433 1761 ex
455 1723 487 1762 eo
509 1707 656 1780 repetenda
672 1723 732 1762 esse
748 1706 879 1761 videatur.
925 1701 994 1770 Quid
1018 1701 1092 1776 quod

124 1789 260 1844 familiaris
276 1789 321 1844 illa
338 1789 489 1862 Theophilo
512 1791 643 1859 formula,
665 1807 726 1846 cum
743 1790 877 1864 quidmon
893 1805 926 1845 er
940 1787 1095 1843 institutio·

123 1873 201 1929 nibus
217 1876 333 1947 petitum
348 1874 451 1948 adfert,
469 1869 582 1945 ἔξωθεν
598 1872 646 1932 δεῖ
664 1868 695 1932 σὲ
711 1869 822 1932 εἰδέναι
847 1874 1001 1930 ν’θ]’τοΰτο
1022 1865 1093 1941 ἔξω·

123 1958 181 2014 θεν
196 1952 264 2012 ἴσθι
280 1967 306 2015 et
322 1960 433 2030 similia,
451 1959 525 2016 velut
540 1959 584 2032 lll,
602 1961 652 2033 28,
670 1961 698 2017 2.
716 1957 976 2033 29,3:1v,1,11.
997 1957 1049 2028 10,
1062 1953 1092 2010 2.

124 2045 206 2098 etiam·
217 2044 245 2099 in
263 2045 302 2100 his
319 2044 419 2118 glossis
436 2047 568 2118 recurrit,
585 2046 727 2103 nnm.'21.
746 2044 833 2102 ‘extra
846 2041 1000 2100 soierrdum'
1016 2057 1091 2096 num.

123 2125 194 2184 212.
213 2126 283 2186 219.
303 2128 395 2185 ‘extra
410 2129 625 2206 intellegendum
648 2130 716 2188 est'.
737 2129 801 2186 ¹Sed
817 2131 897 2186 etiam
911 2130 970 2202 ipsa
985 2143 1015 2183 re
1029 2139 1093 2199 pro·

122 2211 218 2285 batur,
234 2212 346 2270 Latinos
362 2213 469 2272 codices
486 2215 629 2289 Theophili
650 2218 756 2272 ratione
778 2214 867 2270 habita
885 2215 1002 2286 scriptos
1020 2227 1089 2267 esse.

123 2296 180 2352 buo
207 2305 311 2354 tantum
332 2299 379 2353 sed
401 2299 540 2355 luculenta
562 2300 682 2374 exempla
704 2297 782 2354 dabo.
805 2298 843 2370 ll,
866 2297 921 2368 20,
939 2296 987 2352 25.
1011 2295 1090 2350 verba

121 2381 167 2437 illa
196 2379 290 2436 ‘tutor
317 2398 427 2455 quoque
454 2390 545 2438 certus
573 2384 629 2438 dari
652 2381 783 2439 debebat'
808 2381 839 2436 ab
861 2379 984 2436 omnibus
1006 2395 1093 2454 paene

122 2465 258 2521 veteribus
283 2466 358 2522 libris
381 2475 408 2522 et
430 2468 570 2542 plerisque
597 2466 771 2523 inferioribus
793 2465 898 2522 absunt.
943 2463 1019 2520 Unde
1040 2465 1094 2519 boc

122 2551 233 2607 vitium?
266 2550 373 2607 Scilicet
390 2551 557 2626 l'heopbilus
580 2552 810 2623 animadvertens,
835 2551 900 2606 baec
922 2549 1000 2604 verba
1022 2550 1093 2604 sicut

122 2643 228 2707 cetera,
245 2653 312 2710 quae
328 2635 363 2691 ibi
380 2635 524 2711 delegatis
548 2646 575 2692 et
590 2635 805 2692 fideicommissis
824 2643 851 2692 et
866 2634 990 2690 libertate
1005 2635 1094 2690 incer·

123 2727 164 2776 tae
180 2735 314 2793 personae
330 2721 431 2776 relictis
448 2738 480 2778 en
496 2721 560 2777 Gaio
576 2724 716 2795 veterique
738 2722 796 2776 iure
817 2719 993 2790 reseruntur,
1014 2735 1091 2793 prae·

122 2806 203 2860 terito
221 2813 343 2879 tempore
359 2806 428 2862 elata
440 2807 573 2862 lectorem
596 2807 624 2861 in
641 2821 760 2862 errorem
777 2805 921 2876 inducere,
943 2812 974 2858 ut
989 2803 1091 2872 credat,

120 2897 197 2944 vetus
227 2891 269 2946 ius
302 2908 316 2946 a
346 2890 493 2946 lastiniano
522 2891 602 2948 etiam
631 2893 702 2947 circa
734 2897 855 2946 tutorem
878 2893 1012 2946 incertum
1044 2885 1090 2940 da·

120 2980 177 3028 tum
201 2981 333 3030 mutatum
362 2992 438 3047 esse,
460 2976 531 3032 dicta
556 2965 637 3032 uerba
660 2976 706 3031 illo
733 2973 794 3032 loco
819 2976 919 3030 rectius
944 2973 1035 3028 omisit
1061 2979 1088 3026 et

120 3061 147 3114 in
176 3056 229 3121 fine
253 3059 359 3115 demum
389 3062 476 3116 totius
504 3061 712 3134 disputationis,
742 3061 834 3116 multis
864 3058 1029 3128 interiectis,
1059 3063 1090 3110 ut

120 3144 236 3210 lectores
252 3145 340 3200 minus
356 3145 501 3219 diligentes
526 3145 605 3202 facile
627 3146 742 3218 lateret,
763 3144 802 3216 ll,
824 3143 881 3213 20,
902 3141 952 3198 27.
977 3141 1090 3214 adiecit,

119 3235 239 3284 tutorem
255 3245 319 3284 vero
335 3247 424 3304 neque
441 3247 473 3286 en
488 3247 557 3286 nova
572 3231 770 3286 constitutione
781 3231 915 3285 incertum
928 3227 985 3281 dari
998 3241 1088 3299 posse.

119 3313 175 3377 Per¹
186 3315 351 3370 contrarium
366 3313 410 3388 lV,
428 3315 477 3386 16,
495 3317 522 3372 1.
545 3314 626 3371 verba
647 3313 708 3370 ‘vel
737 3312 825 3387 tripli'
849 3312 997 3368 certissime
1013 3309 1089 3383 salsa,

119 3399 167 3454 sed
183 3400 210 3454 in
227 3398 351 3456 omnibus
367 3399 503 3456 veteribus
525 3399 601 3456 libris
623 3399 726 3471 addita,
747 3413 782 3455 ‘er
793 3397 949 3470 'Theophilo
965 3393 1034 3450 male
1048 3393 1088 3449 in-

118 3483 231 3541 tellecto
258 3501 309 3558 eo,
337 3502 417 3559 quem
443 3484 479 3542 ibi
507 3485 691 3560 manifestavi,
720 3484 801 3540 modo
830 3481 992 3556 interpolata
1014 3489 1087 3536 sunt.
