2484 3916
249 254 285 291 ns
304 251 409 290 rarius
425 252 585 290 roresrurs
604 265 637 276 -—
656 254 692 288 nu
711 253 827 290 noeane
846 239 867 302 1,
887 241 911 288 9.
931 241 971 292 10.
1035 236 1075 301 13

101 393 166 452 ‘tur
182 396 239 466 bis,
256 396 302 468 qui
317 395 388 450 iuste
404 394 593 468 deprecantur.
618 394 734 469 ideoque
744 411 882 470 cognosce
897 393 931 451 dc
947 393 1075 468 querellis

101 481 233 550 ‘eorum,
250 481 297 553 qui
312 496 343 536 ea
360 478 458 534 familia
472 479 533 536 lulii
548 478 639 535 Sabini
654 479 686 535 ad
702 487 817 536 statuam
837 479 1031 554 confugerunt,
1048 488 1076 536 et

101 565 140 620 ‘si
155 563 200 620 vel
215 563 308 620 durius
328 562 454 634 habitos,
479 581 559 638 quam
579 581 696 637 aequum
717 572 776 635 est,
803 564 845 620 vel
866 563 957 620 inlami
978 565 1075 620 iniuria

101 647 228 704 ‘allectos
244 649 422 722 cognoveris,
449 649 533 704 veniri
549 647 627 719 iube,
648 649 685 704 ita
701 649 773 704 utin
793 657 956 722 potestatem
972 648 1075 704 domiui

101 733 175 789 ‘non
189 740 368 790 revertantur.
401 734 447 805 qui
461 731 592 804 Sabinus,
615 735 639 790 si
659 749 733 790 meae
748 733 937 790 constitutioni
952 731 1074 789 fraudem

102 817 230 889 ‘lecerit,
245 819 328 888 sciet,
345 833 387 874 mc
403 817 549 874 admissum
563 819 685 876 severius
700 817 915 879 exsecuturum!

533 1015 590 1055 utu.
604 1015 644 1055 IX.
682 1029 684 1036 ’

368 1115 419 1166 DE
437 1116 572 1168 PATRIA
590 1117 814 1170 POTESTATE.

173 1232 225 1295 1ln
239 1247 376 1314 potestate
398 1248 492 1296 nostra
506 1249 572 1298 sunt
586 1241 663 1298 liberi
678 1243 784 1313 nostri,
800 1258 869 1315 quos
886 1257 918 1297 ex
930 1243 1008 1296 iustis
1024 1257 1074 1296 nu·
1091 1261 1125 1302 er.

102 1325 171 1399 ptiis
194 1325 433 1398 procreaverimus.
477 1323 591 1400 Nuptiae
610 1334 699 1382 autem
723 1328 780 1383 sive
806 1327 1006 1383 matrimonium
1031 1334 1073 1382 est
1094 1336 1107 1382 1

104 1410 158 1464 viri
184 1417 212 1465 et
236 1408 356 1464 mulieris
380 1411 554 1481 coniunctio,
579 1409 743 1476 individuam
764 1409 990 1468 cousuetudinem
1004 1411 1075 1466 vitae

103 1495 260 1550 continens.
291 1487 355 1550 ²lus
376 1501 466 1552 autem
486 1496 648 1567 potestatis,
670 1495 744 1568 quod
763 1497 791 1550 in
812 1494 913 1550 liberos
934 1493 1108 1564 habemuse

102 1580 247 1652 proprium
262 1585 305 1634 est
320 1579 417 1634 civium
424 1577 621 1635 Romanorum:
636 1578 705 1636 nulli
720 1580 791 1635 euim
803 1577 846 1634 alii
860 1586 925 1634 sunt
938 1579 1073 1648 homines,

103 1663 153 1734 qui
168 1663 250 1718 talem
265 1664 293 1718 in
307 1661 409 1719 liberos
424 1662 540 1720 habeant
550 1671 729 1738 potestatem,
746 1663 852 1738 qualem
867 1681 917 1720 nos
933 1661 1073 1720 habemus.

103 1739 179 1814 ³Qui
192 1747 277 1820 igitur
293 1763 325 1802 er
341 1754 410 1804 teet
425 1763 509 1804 uxore
524 1756 571 1804 tua
591 1751 726 1819 nascitur,
748 1750 776 1804 iu
796 1756 843 1804 tua
865 1754 1003 1822 potestate
1019 1756 1073 1804 est:
1093 1753 1108 1800 3

102 1832 170 1886 item
187 1832 233 1904 qui
249 1848 281 1887 ex
296 1829 352 1888 filio
368 1838 417 1887 tuo
433 1840 461 1888 et
478 1849 561 1890 uxore
576 1834 634 1890 eius
651 1835 787 1904 nascitur,
809 1833 837 1890 id
852 1841 895 1890 est
909 1849 995 1908 nepos
1010 1840 1074 1888 tuus

103 1923 134 1972 et
154 1917 261 1990 neptis,
289 1933 373 1992 aeque
393 1917 488 1974 intua
507 1925 572 1974 sunt
592 1925 744 1990 potestate,
773 1925 801 1974 et
816 1933 952 1992 pronepos
970 1925 997 1972 et
1012 1933 1075 1990 pro·

102 2001 195 2074 neptis
212 2009 239 2057 et
255 2000 381 2075 deinceps
398 2003 490 2058 ceteri.
522 2003 569 2075 qui
590 2009 679 2058 tamen
700 2019 733 2058 ex
756 2001 808 2057 lilia
830 2010 876 2058 tua
891 2003 1027 2072 nascitur,
1047 2003 1074 2056 in

4 2137 6 2168 ;
101 2093 150 2142 tua
165 2094 305 2172 potestate¹
318 2102 373 2142 non
389 2094 446 2157 est,
462 2086 511 2143 sed
526 2088 555 2142 in
570 2088 655 2160 patris
671 2088 739 2142 eius.

544 2282 601 2322 ulu.
613 2282 642 2321 X.

479 2386 528 2436 DE
549 2384 706 2438 NUPTIIS.

169 2509 255 2564 lustas
270 2517 360 2564 autem
376 2511 483 2582 nuptias
499 2510 571 2566 inter
582 2525 612 2564 se
627 2510 698 2564 cives
711 2507 823 2564 llourani
835 2508 1010 2578 contrahunt,
1027 2510 1073 2581 qui
1091 2528 1126 2568 rr.

104 2593 255 2650 seeundum
278 2600 421 2667 praecepta
439 2593 533 2668 legum
553 2602 670 2665 coeunt,
691 2593 802 2650 masculi
825 2592 933 2666 quidem
948 2591 1075 2665 puberes,

105 2678 222 2734 feminae
242 2685 331 2734 autem
352 2679 545 2752 viripotentes,
566 2680 624 2734 sive
647 2677 852 2752 patresfamilias
874 2679 929 2734 siut
944 2677 999 2732 sive
1016 2675 1075 2732 filii·

105 2762 235 2834 lamilias,
259 2761 322 2818 dum
344 2771 433 2818 tamen
448 2761 608 2820 filiifamilias
628 2771 656 2818 et
671 2777 834 2820 eonsensum
850 2760 965 2818 habeant
980 2778 1076 2834 paren-

106 2855 174 2918 tum,
191 2861 308 2920 quorum
323 2849 350 2904 iu
365 2854 501 2920 potestate
516 2856 590 2904 sunt.
621 2865 683 2904 nam
698 2848 751 2904 hoc
762 2845 820 2902 fieri
834 2844 934 2902 debere
949 2853 976 2902 et
991 2846 1076 2904 civilis

105 2939 132 2986 et
148 2931 279 2988 naturalis
294 2933 363 2988 ratio
379 2930 474 2988 suadet
497 2934 661 3004 intantum,
683 2940 714 2987 ut
733 2934 837 2988 iussum
857 2932 977 3004 parentis
1000 2947 1077 3004 prae·

104 3015 203 3072 cedere
218 3015 322 3073 debeat.
353 3015 425 3072 uude
440 3018 593 3090 quaesitum
608 3025 666 3087 est,
684 3033 717 3072 an
732 3016 829 3072 furiosi
844 3014 898 3072 filia
912 3015 1015 3072 nubere
1031 3026 1077 3072 aut

105 3100 204 3156 luriosi
218 3099 290 3158 filius
307 3117 419 3157 uxorem
435 3100 534 3158 ducere
555 3101 659 3175 possiti
688 3117 805 3174 cumque
820 3117 904 3174 super
919 3099 975 3158 tilio
991 3103 1075 3157 varia·

104 3183 201 3258 batur,
217 3194 311 3242 nostra
325 3186 460 3259 processit
476 3185 577 3244 decisio
585 3182 618 3257 ⁴,
629 3202 682 3260 qua
703 3187 866 3259 permissum
882 3194 923 3244 est
939 3185 972 3242 ad
988 3203 1076 3242 enem-

176 3399 196 3467 1)
215 3423 249 3443 =
268 3402 324 3452 cas.
344 3404 368 3459 1.
381 3404 422 3454 sn.
441 3403 474 3454 n.
488 3404 512 3451 a.
526 3403 559 3451 o.
578 3403 662 3452 aero
680 3405 722 3468 qm·
739 3406 780 3452 sur
797 3399 833 3468 (1,
847 3403 885 3463 o).
936 3399 956 3462 ²)
971 3421 1004 3440 =
1019 3400 1075 3450 cas.

104 3470 167 3519 ibid.
186 3471 218 3519 L.
238 3473 262 3520 3.
282 3471 324 3522 eit.
412 3465 433 3535 ³)
452 3470 499 3520 Ea:
517 3471 549 3520 L.
572 3471 597 3519 4.
616 3471 649 3519 D.
675 3472 732 3520 eod.
759 3471 817 3534 lllpn
836 3473 851 3521 l.
873 3472 885 3517 l
905 3469 983 3517 instit.
1054 3465 1076 3533 4)

105 3537 140 3589 L.
159 3539 201 3588 25.
221 3537 250 3590 0.
269 3539 302 3588 de
320 3547 393 3604 nupt.
413 3535 448 3603 (5,
466 3536 503 3604 4).
