2484 3916
186 247 229 313 50
263 261 668 300 nsnsucsrrours.sr1.ouur
687 261 826 300 rnnronrn
845 261 1055 302 rosssssronne.
1073 249 1113 308 11,
1133 249 1159 303 6.

187 407 282 462 emerit
307 405 350 460 vel
366 421 398 460 ex
413 403 559 461 donatione
581 405 664 461 aliave
687 421 741 479 qua
765 406 836 460 iusta
861 419 940 460 eausa
955 405 1107 478 acceperit,
1135 407 1159 460 is

187 499 241 546 tam
256 507 329 561 rem,
345 491 368 546 si
383 488 491 546 mobilis
510 497 583 562 erut,
599 505 670 546 auno
686 489 804 564 ubique,
825 490 848 546 si
862 487 1023 559 immobilis,
1045 487 1159 545 biennio

186 575 298 630 dantum
311 576 340 630 iu
353 573 448 631 Italico
463 574 524 630 solo
540 575 694 648 usucapiat,
714 591 749 630 ue
770 589 860 630 rerum
875 573 993 630 dominio
1007 575 1036 629 in
1051 574 1160 629 incerto

186 667 289 714 essent.
326 667 354 714 et
379 675 440 716 oum
461 659 515 714 boc
529 659 656 733 placitum
672 667 745 729 crat,
771 657 929 732 putantibus
944 657 1158 732 antiquioribus,

186 744 300 800 eominis
324 741 451 801 sufficere
476 742 510 798 ad
534 743 709 818 inquirendas
736 759 780 799 res
801 759 863 798 suus
884 743 1005 817 praefate
1019 751 1157 816 tempora,

185 827 264 884 nobis
280 828 376 886 melior
391 830 526 884 sententie
541 827 657 900 resedit,
683 843 718 884 ue
738 827 839 883 domiui
854 829 987 884 maturius
1002 828 1060 882 suis
1072 827 1158 882 rebus

186 911 381 970 defraudentur
395 925 484 986 neque
499 920 575 968 eruto
591 913 652 969 luco
668 910 828 969 beneficium
842 911 894 968 boo
909 911 1099 970 conciudatur.
1130 920 1158 967 et

185 996 247 1054 ideo
263 991 506 1054 constitutionem¹
527 1013 611 1071 super
631 998 684 1054 hoe
704 997 950 1071 promulgavimus,
972 1013 1025 1069 qua
1046 1003 1157 1054 cautum

187 1089 245 1152 est,
268 1089 298 1136 nt
316 1098 361 1137 res
383 1081 491 1155 quidem
507 1081 620 1138 mobiles
635 1098 685 1156 per
705 1083 852 1137 triennium
873 1081 1085 1155 usucapiantur,
1107 1082 1157 1136 im·

186 1165 301 1220 mobiles
326 1181 393 1222 vero
413 1181 463 1239 per
482 1165 560 1241 iungi
584 1167 713 1240 temporis
739 1167 959 1239 possessionem,
980 1164 1068 1221 idest
1083 1167 1157 1221 inter

180 1256 344 1323 ‚moesentes
359 1249 508 1323 decennio,
528 1250 741 1308 interabsentes
757 1251 853 1324 viginti
868 1251 944 1306 annis
960 1251 1157 1323 usucapiantur

186 1341 213 1390 et
229 1335 270 1389 bis
285 1333 373 1390 medis
398 1351 457 1391 nou
474 1335 564 1392 scium
584 1337 612 1392 in
626 1335 718 1406 italia,
745 1334 794 1390 sed
818 1335 848 1390 in
873 1335 945 1390 omni
970 1341 1059 1406 terra,
1088 1349 1156 1408 quae

185 1427 282 1476 nostro
296 1419 411 1494 irnperio
433 1419 615 1494 gubernatur,
636 1419 784 1476 dominium
804 1433 895 1475 rernm
910 1421 981 1475 iusta
996 1435 1077 1474 causa
1092 1435 1156 1493 pos·

186 1505 317 1560 sessionis
331 1504 511 1578 praecedente
527 1504 693 1579 adquiratur.

153 1595 167 1642 1
250 1589 303 1646 Sed
326 1589 471 1663 aliquando
492 1591 595 1646 cumei
611 1589 723 1645 manime
744 1589 804 1662 quis
825 1587 896 1644 bona
912 1586 964 1643 fide
979 1603 1037 1644 rem
1059 1605 1155 1662 posse·

186 1673 272 1744 derit,
292 1690 349 1730 non
365 1682 454 1729 tamen
467 1673 514 1729 'iili
536 1674 665 1746 usucapio
683 1673 740 1728 ullo
760 1680 884 1747 tempore
904 1671 1049 1748 procedit,
1069 1673 1154 1729 ueluti
1227 1683 1228 1694 ¹

187 1759 210 1812 si
232 1759 294 1830 quis
316 1757 431 1812 liberum
452 1757 590 1813 homiuem
610 1757 653 1812 vel
677 1773 735 1812 rem
756 1771 858 1813 suoram
883 1757 927 1814 vel
940 1755 1155 1833 religiosam-vei

152 1847 168 1894 2
186 1857 294 1896 servum
310 1841 455 1916 fugitivum
470 1841 618 1914 possideat.
656 1839 782 1897 Furtivae
802 1857 913 1916 quoque
934 1857 978 1897 res
1000 1849 1028 1898 et
1044 1857 1114 1916 quae
1129 1843 1153 1896 vi

185 1939 329 1999 possesme
348 1933 428 1998 sunt,
456 1941 506 1982 noc
525 1927 548 1982 si
568 1925 706 2001 praedicto
735 1926 820 2002 dungo
850 1934 973 2001 tempore
1001 1925 1072 1982 bona
1103 1925 1155 1982 fide

185 2026 330 2084 possessae
357 2010 474 2083 suerint,
505 2013 616 2086 usucapi
644 2019 774 2086 possunt:
803 2027 865 2068 nam
889 2011 1050 2067 furtivarum
1064 2025 1155 2068 rerum
1226 2067 1227 2096 ,

185 2095 230 2151 len
245 2095 387 2154 duodecim
402 2095 553 2154 tabularum
569 2104 597 2154 et
610 2097 654 2153 len
669 2089 779 2153 dtiuin²
793 2095 897 2152 inhibet
909 2098 1114 2170 usucapionem,
1130 2097 1154 2150 vi

152 2187 374 2256 tpossessarum
399 2183 443 2239 len
462 2181 529 2240 Iulia
552 2190 580 2239 et
599 2181 712 2238 Plautia.
752 2175 849 2250 ³Quot
874 2188 964 2237 autem
989 2181 1154 2237 dictumest

185 2266 346 2323 furtivarum
367 2274 395 2323 et
414 2269 440 2322 vi
459 2282 649 2342 possessarum
668 2283 760 2322 rerum
780 2267 974 2340 usucspiuuem
994 2281 1045 2340 per
1065 2265 1155 2341 legem

184 2350 348 2423 prohibitum
374 2368 450 2422 esse,
478 2367 535 2408 non
560 2367 594 2407 eo
616 2352 752 2423 pertinet,
779 2358 810 2407 ut
830 2367 865 2406 ne
878 2352 937 2425 ipse
952 2350 999 2406 fur
1012 2352 1093 2424 quive
1107 2367 1155 2424 per

186 2434 239 2490 vim
253 2433 392 2508 possidet,
409 2451 558 2509 usucapere
572 2435 675 2508 possit:
700 2451 761 2493 uum
781 2437 824 2491 his
839 2436 890 2492 ulia
905 2437 1009 2492 ratione
1024 2437 1152 2509 usucapio
1225 2433 1226 2436 ’

185 2533 242 2576 uon
263 2521 410 2593 competit,
432 2519 495 2593 quia
509 2519 614 2576 seilicet
629 2517 698 2576 mala
713 2518 767 2576 tide
780 2520 938 2594 possident:
968 2519 1015 2576 sed
1031 2535 1067 2576 ue
1082 2519 1152 2576 ullos

186 2605 270 2678 alius,
287 2605 407 2678 quamvis
423 2603 455 2660 ab
470 2605 510 2660 eis
525 2603 596 2660 bona
610 2601 664 2660 flde
678 2605 775 2661 emerit
795 2605 838 2660 vel
853 2621 886 2660 en
906 2605 956 2660 adia
978 2619 1059 2660 eausa
1080 2619 1153 2661 acce·

185 2692 272 2766 perit,
293 2689 467 2765 usucapieudi
488 2691 531 2744 ius
552 2687 657 2745 habeat.
689 2689 761 2746 unde
782 2691 809 2745 iu
829 2688 910 2745 rebus
932 2685 1079 2745 mobilibus
1098 2705 1153 2746 uon

186 2775 264 2832 facile
290 2775 428 2850 procedit,
454 2781 485 2829 ut
505 2773 593 2830 bonae
613 2772 676 2830 iidei
695 2775 849 2848 possessori
865 2775 992 2847 usucapio
1008 2782 1153 2848 competat.

185 2877 246 2916 uam
263 2861 309 2933 qui
324 2860 436 2916 alienam
457 2875 514 2914 rem
534 2858 656 2915 vendidit
670 2859 713 2915 vel
728 2875 760 2914 ex
776 2858 827 2914 alia
847 2875 927 2914 causa
946 2857 1074 2930 tradidit,
1098 2859 1153 2914 iur-

153 2945 169 2993 4
186 2951 245 2999 tum
260 2945 318 2999 eius
334 2945 487 3000 committit.
526 2942 579 3000 Sed
595 2951 684 3000 tamen
704 2942 731 2998 id
746 2942 889 3016 aliquando
912 2943 990 2999 aliter
1011 2959 1042 2998 se
1063 2943 1151 3000 babet.

185 3045 247 3084 nam
262 3029 285 3082 si
300 3027 395 3100 heres,
410 3045 467 3084 rem
483 3027 612 3084 defuncto
625 3027 819 3084 commodatam
835 3037 881 3084 aut
895 3028 1011 3084 locatam
1026 3027 1069 3084 vel
1084 3025 1153 3102 apud

186 3129 248 3169 eum
263 3112 412 3186 depositam
434 3115 589 3170 existimans
605 3109 793 3168 hereditariam
814 3129 889 3184 esse,
916 3111 987 3168 bona
1013 3109 1066 3168 fide
1087 3115 1153 3168 ucci-
1223 3157 1224 3162 1

185 3199 271 3273 pienti
286 3197 436 3254 vendiderit
451 3207 497 3254 uut
512 3199 653 3254 donaverit
667 3205 713 3254 ant
728 3197 800 3253 dotis
820 3199 930 3254 nornine
942 3196 1067 3270 dederit,
1090 3199 1153 3272 quin

256 3479 278 3546 ¹)
295 3481 329 3534 L.
346 3498 389 3532 un.
410 3481 438 3532 0.
457 3483 489 3532 de
506 3496 575 3532 usuc.
594 3482 687 3545 transf.
708 3477 742 3547 (7,
762 3479 815 3543 31).
896 3479 917 3543 ²)
935 3471 1049 3540 Ἀτίλιος
1067 3471 1153 3546 νόμος

190 3545 302 3612 Tdeopd.
373 3548 393 3613 8)
411 3552 434 3612 ξ.
453 3553 470 3601 3
488 3557 513 3600 ct
530 3551 548 3600 4
563 3551 659 3614 partim
675 3567 709 3590 n
729 3547 785 3600 Gai.
804 3551 829 3612 2,
847 3550 889 3599 49.
908 3551 949 3600 50.
