2484 3916
444 205 480 240 nu
499 205 620 242 crearis
638 191 675 255 Π,
693 193 735 244 20.
982 161 987 170 ¹
1034 191 1076 254 89

104 357 131 404 et
145 349 235 422 possit
249 361 299 422 per
309 363 371 403 eum
383 364 490 403 servum
505 347 573 403 alius
585 347 663 402 heres
676 345 757 418 elfici,
773 349 796 403 si
807 350 893 422 prius,
907 365 985 422 quam
997 350 1075 417 iussu

86 433 206 488 domini
223 431 316 504 adeat,
336 433 363 488 in
378 431 489 487 alterius
509 439 672 506 potestatem
689 431 834 488 translatus
849 435 902 504 sit,
925 433 967 487 vel
983 449 1075 489 manu·

102 518 202 572 missus
217 517 276 590 ipse
292 516 370 572 heres
392 513 524 572 efficitur:
547 514 644 590 quibus
665 515 771 572 casibus
791 517 859 573 utile
877 525 919 573 est
940 517 1074 590 legatum:

103 599 203 674 quodsi
223 603 251 656 iu
273 599 364 656 eadem
379 617 459 656 causa
479 601 659 674 permanserit
682 608 709 656 et
730 601 806 656 iussu
828 601 952 674 legatarii
967 601 1074 672 adierit,

101 683 241 741 evanescit
255 683 383 758 legatum.
408 677 499 740 ¹Ante
511 684 617 740 heredis
632 685 833 742 institutionem
847 686 981 742 inutiliter
995 693 1073 754 autea
1091 695 1124 742 34
1229 675 1230 678 ¹

102 768 257 844 legabatur,
273 768 375 826 seilicet
388 771 451 842 quia
465 775 627 825 testamenta
643 771 696 824 vim
709 786 741 825 er
756 771 929 826 institutione
945 770 1074 826 heredum

101 855 240 927 accipiunt
256 860 284 909 et
299 852 334 909 ob
348 853 375 908 id
391 853 475 909 veluti
490 861 571 928 eaput
590 853 891 926 atqueluudamentum
906 853 1075 927 intellegitur

101 939 190 994 totius
205 938 362 994 testamenti
377 937 484 994 heredis
505 938 651 994 institutio.
687 939 747 1012 pari
767 939 872 994 ratione
893 954 945 994 nec
964 936 1075 994 libertas

101 1031 165 1078 ante
181 1021 289 1078 heredis
304 1023 504 1078 institutionem
519 1021 576 1077 dari
590 1029 707 1096 poterat.
745 1022 793 1078 sed
816 1023 878 1096 quia
893 1021 999 1079 incivile
1015 1037 1075 1078 esse

99 1107 267 1182 putavimus,
283 1106 405 1162 ordinem
421 1106 529 1180 quidem
542 1107 692 1180 scripturae
707 1108 785 1180 sequi
798 1106 881 1182 (quod
897 1115 925 1164 et
939 1107 992 1181 ipsi
1007 1108 1075 1162 anti·

101 1193 201 1266 quitati
221 1191 427 1265 vituperandum
455 1190 544 1246 luerat
562 1190 677 1262 visum),
706 1193 799 1264 sperni
824 1200 913 1248 autem
935 1193 1074 1248 testatoris

99 1276 284 1332 voluntatem:
300 1291 350 1349 per
365 1281 486 1331 nostram
501 1269 746 1332 constitutionem²
765 1283 794 1331 et
808 1277 861 1334 hoc
875 1277 969 1332 vitium
985 1293 1075 1332 emen·

101 1361 235 1430 davimus,
251 1367 283 1416 ut
296 1358 377 1416 liceat
391 1367 419 1416 et
433 1367 495 1416 ante
510 1359 617 1416 heredis
632 1361 834 1416 institutionem
846 1367 874 1416 et
887 1361 960 1416 inter
975 1360 1074 1416 medias

101 1443 234 1502 heredum
247 1445 434 1501 institutiones
449 1443 569 1518 legatum
584 1443 739 1517 relinquere
754 1449 782 1500 et
793 1445 880 1501 multo
896 1446 981 1518 magis
996 1443 1076 1500 liber·

100 1537 198 1601 tatem,
214 1531 290 1586 ouius
305 1546 372 1586 usus
388 1527 559 1584 favorabilior
574 1536 626 1584 ost.
659 1520 743 1584 ³Post
764 1537 880 1586 mortem
902 1545 1012 1602 quoque
1027 1529 1075 1584 he·
1093 1532 1125 1581 35

98 1613 176 1670 redis
199 1621 245 1669 aut
266 1613 389 1688 legatarii
408 1613 489 1669 simili
508 1612 590 1668 modo
611 1613 744 1669 inutiliter
763 1612 919 1688 legabatur:
947 1613 1032 1670 veluti
1052 1615 1076 1670 si

99 1700 165 1774 quis
180 1699 218 1754 ita
233 1697 317 1754 dicat:
340 1713 404 1756 cum
425 1713 526 1755 nuans
547 1712 630 1755 uuus
645 1713 795 1756 uonuuus
810 1715 902 1770 nuru,
917 1714 960 1756 no
976 1713 1076 1756 cneo:

96 1787 169 1840 item
183 1799 293 1840 aarum
310 1798 397 1848 nunu
410 1797 512 1840 unum
527 1797 591 1840 aur
611 1797 811 1842 ennaremus
825 1797 998 1842 moraturus.
1027 1783 1075 1839 scd

98 1867 184 1924 simili
199 1867 281 1922 modo
297 1875 325 1922 et
340 1867 393 1922 hoc
408 1868 574 1923 correximus
582 1859 605 1938 ,¹¹
626 1864 781 1923 firmitatem
801 1867 956 1924 huiusmodi
977 1866 1076 1942 legatis

97 1953 135 2011 ad
151 1951 422 2008 fideicommissorum
437 1950 640 2008 similitudinem
655 1959 840 2024 praestantes,
866 1969 901 2008 ue
922 1951 964 2007 vel
978 1953 1008 2008 in
1023 1953 1076 2008 hoo
1146 2023 1149 2030 Ι

98 2055 167 2095 casu
182 2035 304 2092 deterior
318 2039 398 2092 causa
412 2035 565 2110 legatorum
581 2051 661 2109 quam
672 2033 943 2092 fideicommissorum
956 2037 1076 2091 invenia-

97 2133 157 2179 tur.
191 2115 316 2176 ⁵Poenae
331 2137 442 2194 quoqne
453 2120 562 2176 nomine
572 2117 705 2174 inutiliter
719 2118 860 2192 legabatur
871 2126 899 2174 et
909 2117 1076 2175 adimebatur
1093 2127 1126 2176 36

97 2207 145 2263 vel
159 2203 383 2262 transferebatur.
413 2221 516 2278 poenae
531 2210 621 2258 autem
636 2203 743 2258 nomine
758 2202 844 2276 legari
858 2201 980 2274 videtur,
1002 2202 1077 2276 quod

97 2289 247 2350 coercendi
260 2289 368 2346 herodis
383 2305 462 2346 causa
475 2287 655 2362 relinquitur,
671 2303 727 2362 quo
742 2287 827 2361 magis
842 2288 864 2342 is
880 2286 982 2362 aliquid
997 2286 1077 2344 saciat

98 2382 222 2432 autnon
242 2373 334 2430 faciat:
356 2373 440 2430 veluti
460 2374 484 2429 si
505 2375 565 2447 quis
587 2373 624 2427 ita
646 2373 800 2448 scripserit:
823 2387 925 2430 munus
944 2385 1030 2430 unus
1047 2389 1076 2431 ει

96 2476 214 2520 riuum
230 2475 313 2518 sunu
327 2475 360 2517 ru
374 2473 599 2516 murmuouruu
614 2473 703 2514 muro
720 2472 959 2515 conuocuvuum
975 2455 1027 2530 (vel
1043 2474 1076 2513 ex

98 2547 211 2602 diverso
228 2559 258 2602 sr
272 2559 337 2602 nou
352 2541 617 2613 condonarem),
632 2557 718 2600 nero
733 2558 841 2600 nucum
854 2557 977 2599 annuos
994 2557 1075 2613 suro,

98 2639 149 2686 aut
160 2631 184 2686 si
194 2629 234 2684 ita
248 2629 403 2702 scripserit:
413 2643 515 2686 mnus
527 2629 610 2684 unus
622 2642 651 2684 si
664 2642 788 2685 sunvnu
799 2641 938 2684 erronum
947 2642 1077 2683 mnus-

98 2731 198 2772 vumr
220 2711 274 2786 (vel
295 2729 327 2768 ex
348 2712 456 2768 diverso
478 2727 507 2770 s1
527 2727 591 2769 nitu
605 2709 845 2782 duumvirum),
866 2726 953 2767 rrrro
968 2725 1076 2766 nucum

99 2815 226 2859 cunnos
241 2813 337 2856 nuno.
368 2805 396 2853 et
410 2798 439 2854 in
453 2803 559 2852 tantum
570 2796 637 2853 haec
647 2795 743 2870 regula
756 2793 959 2866 observabatur,
971 2801 1003 2850 ut
1013 2811 1076 2868 per·

101 2899 184 2959 quam
204 2881 328 2957 pluribus
348 2879 539 2958 principalibus
560 2879 802 2937 constitutionibus
818 2876 1005 2954 elgnificetur,
1026 2895 1077 2934 nec

100 2969 252 3042 principem
268 2966 376 3040 quidem
391 2981 556 3040 agnoscere,
578 2963 652 3039 quod
673 2966 697 3020 ei
712 2980 816 3038 poenae
831 2965 942 3020 nominc
956 2962 1077 3038 legatum

102 3055 148 3108 sit.
173 3067 237 3108 ’nso
258 3068 291 3108 ex
311 3051 404 3106 militis
432 3049 539 3124 quidem
560 3056 724 3105 testamento
749 3047 812 3104 talia
833 3046 923 3122 legata
943 3047 1076 3119 valebant,

101 3201 306 3210 —-—·—--—-

174 3283 193 3348 1)
212 3287 267 3335 init.
282 3285 342 3349 sere
360 3304 394 3324 --
414 3283 470 3333 Gai.
489 3284 512 3340 2,
532 3283 590 3334 229.
609 3283 666 3332 230.
728 3279 749 3343 ²)
767 3281 799 3330 L.
818 3282 859 3332 24.
880 3279 908 3333 0.
928 3281 960 3329 de
978 3286 1075 3328 testam.

106 3353 140 3416 (6,
161 3350 216 3418 23).
269 3349 291 3414 ³)
309 3353 363 3404 init.
382 3351 443 3415 fere
460 3371 494 3392 ==
513 3351 570 3400 Gai.
589 3351 612 3409 2,
631 3351 691 3400 232.
743 3346 764 3410 ⁴)
788 3348 820 3400 L.
841 3349 880 3396 11.
902 3345 928 3396 O.
949 3347 1076 3397 decorata.

12 3449 14 3494 5
105 3427 130 3470 et
149 3421 265 3483 comotitt.
292 3421 352 3484 stip,
380 3419 420 3483 (8,
440 3420 472 3470 37
489 3420 523 3470 al.
542 3416 594 3480 38).
681 3413 702 3479 5)
724 3418 820 3480 partim
837 3435 870 3454 =
890 3413 947 3466 Gai.
970 3415 998 3472 2,
1017 3414 1075 3464 235.

12 3507 13 3524 ³
105 3489 155 3540 236
172 3495 232 3538 mut.
