2486 3916
240 255 276 290 oe
295 253 400 291 rernm
417 254 577 292 Pouus'ruue
596 268 629 278 -
647 257 683 291 ur
702 255 818 294 uurrns
837 242 858 304 1,
878 245 902 292 9.
922 244 962 295 10.
1026 241 1066 305 13

11 395 12 398 ’
97 394 156 454 ‘tur
172 397 229 467 hie,
247 397 293 470 qui
308 395 380 452 iuste
396 395 584 470 deprecantur.
609 397 725 472 ideoque
736 415 873 473 cognosce
889 397 922 455 de
938 397 1065 472 querellis

61 493 63 495 ’
97 481 224 551 ‘eorum,
241 483 288 554 qui
304 497 335 538 er
351 480 449 559 familia
464 480 524 538 Iulii
539 480 630 538 Sabini
645 482 677 538 ad
693 491 808 540 statuam
828 483 1022 558 confugerunt,
1038 493 1066 540 et

96 566 131 620 ‘si
145 565 189 621 vel
205 565 299 620 durius
320 562 445 636 habitos,¹
471 583 549 640 quam
571 583 686 640 aequum
708 576 767 638 est,
794 568 836 624 vel
857 567 948 623 infami
969 569 1065 624 iniuria

95 649 219 706 ‘affectos
235 652 414 724 cognoveris,
441 652 524 706 veniri
541 649 618 722 iube,
639 653 676 707 ita
692 659 721 708 ut
736 653 764 708 in
784 660 947 725 potestatem
963 652 1065 708 domiui

95 735 163 790 ‘nou
178 741 359 790 revertantur.
392 736 438 808 qui
452 734 584 806 Sabinus,
606 737 630 792 si
649 752 724 792 meae
739 737 928 792 constitutioni
943 735 1064 792 fraudem

95 819 220 890 feeerit,
236 820 320 890 sciet,
336 835 379 876 me
394 819 540 876 admissum
554 822 676 878 severius
691 821 906 881 exsecuturum!

524 1017 581 1058 utu.
594 1017 635 1057 1x.
672 1032 675 1038 ¹
739 1039 745 1042 -
829 1041 832 1048 ι

359 1119 410 1168 DE
427 1119 563 1170 PATRIA
580 1119 804 1172 POTESTATE.

162 1234 215 1297 ¹1n
229 1249 366 1315 potestate
389 1249 483 1298 nostra
497 1251 562 1300 sunt
576 1243 654 1302 liberi
668 1246 774 1317 nostri,
791 1261 859 1318 quos
876 1261 909 1300 ex
920 1246 998 1300 iustis
1014 1261 1064 1300 nu·
1081 1266 1116 1306 Pr.

95 1327 160 1400 ptiis
183 1327 423 1399 promeruerimus.
467 1326 582 1402 Nuptiae
601 1337 689 1386 autem
713 1331 769 1386 sive
796 1331 996 1386 matrimonium
1022 1339 1064 1386 est
1084 1341 1097 1386 1

97 1411 150 1466 viri
175 1418 203 1466 et
226 1409 347 1468 mulieris
370 1413 545 1484 eouiuuetio,
570 1413 733 1478 individuam
754 1412 980 1470 cousuetudinem
995 1415 1065 1470 vitae

97 1495 249 1550 continens.
281 1489 345 1552 ²lus
366 1503 456 1553 eutem
476 1499 638 1569 potestatis,
660 1497 734 1570 quod
753 1499 780 1554 iu
802 1497 903 1554 liberos
924 1497 1098 1568 habemuse

93 1581 237 1654 proprium
252 1587 294 1636 est
309 1579 611 1638 civiumRomanorum:
626 1581 695 1638 nulli
710 1583 781 1638 euim
793 1581 836 1637 alii
850 1589 915 1638 suut
928 1582 1063 1652 homines,

94 1665 142 1736 qui
157 1664 239 1720 talem
254 1665 282 1720 in
297 1663 398 1720 liberos
414 1664 530 1722 habeant
540 1673 719 1740 potestatem,
736 1666 841 1740 qualem
856 1683 907 1723 nos
923 1665 1062 1723 habemus.

94 1740 168 1815 ³Qui
181 1749 267 1822 igitur
282 1765 315 1804 er
331 1757 358 1806 te
371 1757 399 1806 et
414 1766 499 1806 uxore
514 1758 561 1806 tua
582 1753 716 1822 pasoitur,
737 1752 766 1806 iu
786 1759 833 1808 tua
855 1758 993 1826 potestate
1009 1761 1063 1808 est:
1083 1758 1098 1805 3

92 1833 158 1888 item
176 1833 223 1906 qui
238 1849 271 1888 ex
286 1831 342 1890 filio
357 1839 406 1890 tuo
422 1842 451 1890 et
468 1851 551 1892 uxore
566 1837 624 1892 eius
640 1838 777 1908 naseitur‚
799 1836 827 1892 id
842 1844 885 1892 est
899 1853 984 1910 nepos
1000 1844 1064 1892 tuus

93 1924 122 1971 et
142 1919 251 1990 neptis,
272 1935 363 1992 aeque
383 1920 411 1975 in
431 1927 477 1975 tua
497 1928 562 1976 suut
582 1928 735 1993 potestate,
763 1929 790 1976 et
805 1937 942 1994 pronepos
959 1928 986 1976 et
1002 1937 1064 1994 pro·

91 2002 185 2075 neptis
201 2010 229 2058 et
244 2001 371 2077 deinceps
387 2006 479 2060 ceteri.
512 2005 559 2078 qui
579 2012 669 2061 tamen
690 2022 722 2061 en
745 2005 798 2060 filia
819 2012 865 2060 tua
881 2007 1016 2076 nascitur,
1036 2007 1064 2060 in

91 2094 139 2140 tua
154 2094 292 2159 potestate
307 2104 363 2144 non
379 2096 436 2160 est,
452 2089 501 2145 sed
516 2090 545 2144 in
559 2091 644 2162 petris
661 2091 728 2144 eius.

533 2283 590 2324 urr.
603 2283 631 2323 x.

468 2387 518 2438 DE
538 2386 695 2440 NUPTIIS.

159 2509 245 2564 iustas
260 2517 349 2566 autem
365 2511 472 2584 nuptias
488 2511 560 2566 inter
571 2527 601 2566 se
616 2511 687 2566 cives
700 2509 813 2566 Romani
825 2511 999 2581 contrahunt,
1016 2514 1062 2585 qui
1080 2531 1115 2572 1³1.

93 2593 245 2650 seeundum
267 2601 410 2668 praesepta
429 2594 522 2668 legum
542 2604 659 2666 coeunt,
680 2595 791 2650 maseuli
815 2594 923 2667 quidem
937 2593 1064 2668 puberes,

93 2679 211 2734 feminae
231 2687 321 2735 autem
341 2680 534 2752 viripotentes,
555 2681 612 2736 sive
636 2679 841 2753 patresfamilias
863 2681 918 2734 sint
933 2680 988 2734 sive
1005 2677 1064 2735 filii·

94 2762 224 2834 familias,
248 2763 312 2818 dum
332 2771 422 2820 tamen
437 2762 597 2820 filiifamilias
617 2773 645 2820 et
659 2780 823 2820 eonsensum
840 2762 955 2818 habeant
969 2780 1065 2836 paren-

95 2855 163 2919 tum,
180 2863 296 2920 quorum
312 2849 339 2904 in
354 2855 490 2920 potestate
505 2856 579 2904 sunt.
610 2866 672 2906 nem
686 2850 739 2906 hoe
751 2847 809 2904 fieri
824 2846 923 2904 dehere
938 2855 966 2902 et
980 2848 1064 2906 civilis

94 2939 122 2986 et
136 2931 267 2988 naturalis
282 2933 352 2988 ratio
368 2931 462 2988 suadet
486 2935 513 2988 in
529 2940 650 3005 tantum,
672 2942 702 2988 ut
721 2936 826 2990 iussum
846 2935 967 3006 parentis
989 2949 1065 3006 pree-

93 3015 192 3071 cedere
208 3015 311 3073 debeat.
342 3017 413 3073 uude
429 3019 582 3091 quaesitum
597 3026 655 3090 est,
672 3034 705 3074 an
721 3018 818 3074 furiosi
833 3016 887 3074 iiiia
901 3017 1004 3074 nubere
1020 3028 1065 3074 aut

94 3099 193 3155 furiosi
208 3098 279 3156 filius
295 3117 408 3158 uxorem
424 3102 522 3160 dueere
543 3103 648 3176 possiti
677 3119 794 3176 eumque
808 3120 892 3177 super
908 3101 963 3160 filio
979 3105 1064 3159 variu-

93 3182 190 3256 batur,
206 3194 300 3242 nostre
314 3187 449 3260 prooessit
464 3183 606 3259 decimet,-
618 3204 671 3260 que
692 3189 855 3261 permissum
871 3197 912 3246 est
928 3188 961 3243 ad
977 3205 1065 3244 exem-

164 3399 237 3467 ¹)=
257 3402 312 3452 uae
333 3403 410 3458 em.
429 3403 462 3454 L.
476 3405 500 3452 e.
514 3405 547 3452 o.
567 3405 599 3452 oe
611 3403 650 3452 au
668 3405 711 3468 qm
727 3407 768 3454 en
786 3400 821 3470 (1,
835 3406 873 3465 e).
925 3401 1063 3464 2)---(ῑσιι·.

93 3469 154 3520 ibid.
174 3471 206 3519 L.
226 3473 250 3520 3.
271 3471 313 3522 cit.
401 3466 421 3535 ³)
440 3471 487 3520 Em
505 3471 537 3522 L.
560 3472 586 3520 4.
605 3472 638 3520 D.
664 3473 720 3521 eod.
747 3473 805 3535 Uip.
824 3475 839 3523 l.
861 3475 874 3519 l
893 3471 972 3520 instit.
1042 3469 1064 3536 4)

94 3538 127 3590 L.
147 3539 189 3588 25.
209 3538 238 3590 O.
257 3539 290 3590 de
309 3547 381 3604 nupt.
401 3535 436 3604 (5,
454 3537 492 3605 4).
