2486 3916
187 205 227 268 12
308 221 344 256 ne
365 220 424 269 urs,
444 219 494 263 om
514 217 561 254 sur
579 219 633 254 ver.
652 217 754 252 aurum
774 215 852 251 ruurs
873 214 945 252 sunu
962 201 985 261 1,
1004 199 1029 248 8.

187 371 270 420 totam
286 379 361 418 suam
377 361 502 418 familiam
517 359 641 416 libertate
656 358 773 428 donare,
795 358 847 413 nisi
863 357 914 412 alia
929 372 1008 412 causa
1024 353 1153 428 impediat

185 448 313 518 libertati,
329 445 507 504 morientibus
521 452 611 500 autem
628 443 784 500 huiusmodi
799 442 934 499 licentiam
951 439 1076 496 adimere.

604 657 661 697 TIT.
675 657 739 697 VIII.

282 746 332 796 DE
350 745 423 810 HIS,
443 745 509 808 QUI
527 744 587 796 SUI
604 744 677 796 VEL
696 740 824 794 ALIENI
841 741 939 794 luitis
958 740 1061 794 SUNT.

135 896 170 936 pf,
214 921 216 926 .
255 862 404 942 ¹Sequitur
419 868 452 924 de
468 870 531 924 'iure
545 883 723 941 personarum
739 863 789 920 alia
805 865 910 921 divisio.
949 880 1008 920 nam
1025 863 1155 937 quaedam

187 969 320 1028 personae
341 955 383 1008 sui
404 954 470 1008 iuris
486 959 567 1022 sunt,
589 950 718 1024 quaedam
739 949 827 1005 alieno
848 950 900 1004 iuri
923 947 1060 1004 subiectae
1075 955 1155 1003 sunt:

186 1055 282 1094 rursus
304 1053 415 1109 earum,
442 1053 511 1111 quae
532 1036 619 1092 alieno
642 1036 695 1090 iuri
710 1033 847 1090 subiectae
862 1041 942 1104 sunt,
969 1032 1035 1088 aliae
1054 1033 1083 1086 in
1103 1049 1154 1105 po-

186 1129 286 1178 testate
300 1129 460 1195 parentum,
483 1121 548 1176 aliae
569 1122 597 1175 in
616 1126 753 1194 potestate
774 1117 947 1174 dominorum
962 1124 1035 1173 sunt.
1067 1117 1157 1171 videa-

187 1223 247 1262 mus
268 1208 359 1280 itaque
381 1206 414 1261 de
436 1205 494 1276 his,
517 1221 586 1278 quae
608 1204 696 1260 alieno
719 1205 771 1258 iuri
792 1201 929 1258 subiectae
950 1208 1029 1258 sunt:
1056 1203 1157 1256 namsi

187 1292 411 1364 cognoverimus,
433 1307 502 1364 quae
523 1291 590 1345 istae
605 1303 738 1362 personae
758 1289 829 1358 siut,
852 1287 933 1342 simul
953 1286 1156 1360 intellegemus,
1235 1281 1236 1314 ³

188 1391 257 1449 quae
282 1376 325 1430 sni
347 1376 414 1430 iuris
435 1382 510 1430 sunt.
542 1390 572 1430 ac
595 1375 670 1447 prius
691 1371 862 1446 dispiciamus
878 1371 912 1427 de
929 1372 986 1442 bis,
1003 1371 1049 1444 qui
1064 1372 1091 1425 in
1106 1387 1157 1444 po-

187 1467 286 1516 testate
300 1459 474 1516 domiuorum
489 1467 562 1514 sunt.

154 1558 166 1603 1
250 1544 279 1600 lu
294 1551 430 1618 potestate
455 1546 547 1616 itaque
562 1542 735 1598 dominorum
750 1549 815 1596 sunt
834 1541 914 1595 servi.
950 1557 1018 1614 qnae
1045 1538 1157 1614 quidem

187 1635 310 1703 potestas
325 1629 391 1684 iuris
408 1629 530 1702 gentium
546 1634 602 1682 est:
629 1643 690 1681 nam
706 1625 777 1699 apud
797 1641 891 1680 omnes
906 1641 1042 1698 peraeque
1057 1631 1157 1698 gentes

188 1711 398 1768 animadvertere
413 1727 577 1785 possumus,
594 1710 709 1765 dominis
725 1711 753 1766 in
768 1725 862 1765 servos
878 1711 947 1765 vitae
963 1710 1091 1782 necisque
1107 1727 1158 1782 po·

187 1804 313 1852 testatem
329 1811 404 1866 esse,
426 1804 454 1852 et
470 1795 660 1868 quodcumque
680 1810 730 1867 per
750 1810 856 1850 servum
873 1794 1039 1867 adquiritur,
1060 1793 1087 1848 id
1108 1793 1158 1848 do-

153 1899 169 1946 2
188 1883 260 1936 mino
277 1879 438 1953 adquiritur.
477 1879 531 1935 Sed
546 1879 599 1934 hoc
616 1885 738 1952 tempore
753 1878 834 1934 nullis
851 1877 1020 1949 hominibus,
1042 1879 1089 1951 qui
1105 1877 1158 1933 snb

187 1966 301 2039 imperio
317 1973 413 2022 nostro
430 1971 511 2035 sunt,
533 1963 597 2019 licet
612 1964 670 2018 sine
686 1979 765 2019 causa
781 1962 887 2036 legibus
904 1964 1015 2037 cognita
1030 1970 1059 2018 et
1073 1979 1160 2037 supra

187 2049 298 2106 modum
313 2051 340 2106 in
356 2065 449 2106 servos
466 2065 531 2105 suos
546 2049 657 2103 saevire.
695 2063 755 2102 nam
777 2063 809 2103 er
831 2047 1028 2103 constitutione
1049 2047 1103 2103 divi
1119 2047 1160 2103 Pii

187 2136 318 2190 Antonini
345 2136 391 2208 qui
413 2136 471 2190 sine
491 2149 571 2190 causa
591 2149 699 2188 servum
720 2148 798 2186 sunm
820 2131 963 2202 occiderit,
988 2149 1044 2187 non
1066 2134 1159 2188 minus

187 2221 278 2292 puniri
297 2218 422 2289 iubetur,
450 2235 529 2291 quam
550 2219 597 2290 qui
616 2233 724 2272 servum
746 2216 863 2272 alienum
883 2215 1021 2271 occiderit.
1059 2217 1108 2272 sed
1129 2226 1160 2272 et

188 2305 273 2358 maior
297 2305 427 2376 asperitas
454 2302 626 2358 dominorum
652 2299 772 2355 eiusdem
804 2301 932 2373 principis
959 2301 1161 2357 constitutione
1234 2305 1235 2308 ’

186 2394 338 2442 coercetur.
366 2403 441 2454 ,nam
468 2385 645 2442 consultusa
671 2381 830 2456 quibusdam
852 2383 1019 2458 praesidibus
1044 2388 1162 2458 provin-

186 2472 287 2526 ciarum
302 2470 336 2525 de
352 2471 393 2526 his
408 2471 508 2539 servis,
524 2471 570 2542 qui
586 2467 619 2523 ad
634 2467 727 2523 aedem
741 2485 842 2524 sacram
858 2469 900 2524 vel
916 2469 948 2524 ad
963 2477 1068 2525 statuas
1084 2473 1163 2544 prin·

187 2555 278 2628 cipum
294 2555 476 2629 conringiunt,
492 2554 643 2626 praecepit,
661 2559 691 2607 ut
706 2553 728 2607 si
744 2552 920 2608 intolerabilis
932 2552 1055 2609 videatur
1070 2553 1163 2610 domi-

187 2655 284 2696 norum
301 2641 425 2710 saevitia,
446 2645 581 2711 cogantur
601 2653 695 2692 servos
707 2635 786 2692 bonis
801 2636 1006 2694 condicionibus
1027 2638 1162 2710 vendere,

189 2733 217 2780 ut
233 2726 350 2799 pretium
366 2723 481 2779 dominis
497 2721 620 2778 daretur:
643 2729 670 2776 et
684 2729 758 2777 recte
771 2741 778 2789 3
802 2721 910 2796 expedit
925 2723 996 2778 enim
1011 2723 1052 2778 rei
1066 2723 1163 2796 publi·

187 2825 251 2879 cae,
271 2809 382 2882 nequis
403 2824 433 2864 re
449 2823 497 2862 sua
511 2806 580 2862 male
601 2813 702 2861 utatur.
742 2799 841 2861 ²cuius
860 2807 986 2880 rescripti
1001 2807 1033 2862 ad
1050 2809 1164 2864 Aelium

186 2892 347 2949 Marcianum
368 2893 459 2949 emissi
479 2889 559 2946 verba
579 2891 645 2946 haec
666 2898 744 2946 sunt:
774 2887 960 2947 ‘Dominarum
982 2892 1093 2964 quidem
1109 2911 1165 2967 po-

187 2973 327 3033 ‘testatem
341 2979 369 3033 in
384 2993 450 3032 suos
465 2992 558 3032 servos
573 2974 700 3030 illibatam
715 2991 775 3030 esse
787 2983 897 3050 oportet
908 2991 959 3032 nec
969 2978 1097 3050 cuiquam
1109 2979 1165 3033 ho·

187 3063 300 3118 ‘minum
314 3063 357 3117 ius
372 3077 451 3117 suum
467 3060 580 3116 detrahi.
597 3059 645 3116 sed
658 3059 829 3116 dominorum
841 3061 965 3130 interest,
981 3077 1016 3116 ne
1027 3062 1164 3118 auxilium

187 3143 295 3202 ‘contra
310 3147 446 3202 saevitiam
461 3145 502 3201 vel
519 3145 617 3200 famem
632 3143 674 3199 vel
689 3143 884 3200 intolerabilem
899 3145 1021 3200 iniuriam
1037 3145 1166 3222 denege·
1233 3179 1234 3218 q

185 3279 387 3286 ψη.-

255 3359 274 3426 1)
293 3361 339 3416 Pr.
357 3364 382 3424 §-
402 3364 415 3412 1
435 3369 460 3412 et
477 3377 542 3426 para
565 3361 622 3422 §.a
643 3363 702 3423 fere
719 3382 753 3402 =
772 3359 829 3410 oar.
850 3362 877 3419 1,
894 3361 1005 3410 ta-aa.
1024 3360 1057 3410 c.
1080 3366 1107 3412 1.
1127 3364 1166 3412 n.

186 3431 218 3479 de
236 3429 275 3478 lais
293 3431 336 3494 qai
352 3431 392 3480 stri
410 3426 444 3496 (1,
465 3431 501 3492 6).
588 3425 610 3495 ²)
630 3429 670 3492 Cf.
688 3430 721 3478 L.
739 3432 763 3480 2.
781 3429 815 3480 D.
835 3427 867 3477 de
885 3427 936 3486 dis,
955 3430 999 3494 qui
1014 3430 1055 3477 ani
1073 3424 1113 3494 (1,
1134 3427 1165 3496 6)

190 3497 281 3547 Callet.
300 3500 324 3557 ³,
343 3501 367 3562 3,
388 3500 463 3551 1-3.
