2486 3916
201 181 244 247 58
331 195 385 234 rea
403 195 477 238 oues
495 195 637 234 ressonis
657 195 740 232 roura
758 195 941 239 moratura
958 180 996 244 11,
1016 183 1042 232 9.

203 338 379 400 defraudetur
399 346 442 407 et,
469 337 542 411 quod
563 339 677 396 honoris
707 339 731 394 ei
756 353 788 393 es
815 338 1034 410 emancipatione
1062 335 1191 392 additum

204 432 262 492 est,
284 421 358 496 quod
373 423 416 477 sui
430 423 498 477 iuris
513 422 625 480 effectus
640 430 698 494 est,
719 423 771 478 hoc
791 437 841 494 per
855 437 949 478 rerum
964 420 1189 478 deminutionem

203 507 350 562 decrescat.
385 505 503 580 ideoque
524 509 684 578 statuimus,
705 515 736 562 ut
756 522 855 579 parens
877 522 929 578 pro
946 506 1030 560 tertia
1046 503 1190 562 bonorum

170 605 174 614 ’
202 598 280 665 parte
302 589 429 662 dominii,
450 607 530 665 quam
549 593 667 650 retinere
687 598 811 665 poterat,
833 588 968 644 dimidiam
991 605 1050 644 non
1072 589 1189 645 dominii

202 691 310 746 rerum,
335 673 384 732 sed
406 674 580 732 ususfructus
600 677 729 732 retineat:
756 677 793 730 ita
818 675 920 732 etenim
943 682 972 730 et
998 689 1045 730 res
1068 675 1189 730 intactae

106 784 110 792 ⁴
204 757 275 832 apud
290 757 375 815 filium
390 757 566 815 remanebunt
581 767 609 816 et
629 767 706 834 pater
721 757 851 832 ampliore
866 773 972 814 summa
987 757 1119 828 fruetur,
1136 773 1188 831 pro

169 844 285 900 startia
304 842 412 902 dimidia
432 844 581 918 potiturus.
617 837 703 900 ¹ftem
722 842 798 899 robis
820 841 991 916 adquiritur,
1013 841 1092 918 quod
1114 843 1189 896 servi

203 929 288 986 vestri
309 944 342 985 ex
363 926 510 986 traditione
529 929 723 984 nanciscuntur
741 929 797 984 sire
820 926 885 1000 quid
903 926 1078 1000 stipulentur
1092 925 1140 982 vel
1154 941 1189 982 ex

203 1012 323 1088 qualibet
342 1011 392 1066 alia
407 1027 487 1068 eausa
502 1009 658 1083 adquirunt.
693 1013 746 1068 hoc
761 1013 832 1067 enim
848 1008 925 1068 vobis
941 1017 970 1067 et
985 1009 1187 1084 ignorantibus

202 1105 231 1154 et
245 1097 335 1152 invitis
351 1093 469 1152 obvenit.
504 1094 564 1168 ipse
579 1097 650 1152 enim
664 1113 775 1166 servus,
796 1096 843 1169 qui
857 1096 887 1151 in
906 1101 1048 1170 potestate
1070 1094 1186 1152 alterius

203 1188 261 1250 est,
276 1179 344 1236 nihii
357 1195 437 1236 suum
452 1176 551 1235 halure
564 1188 666 1254 potest.
696 1181 745 1240 sed
759 1181 783 1235 si
800 1180 878 1236 heres
893 1180 1040 1236 institutus
1056 1179 1113 1250 sit,
1130 1195 1187 1236 uon

202 1263 267 1320 alias
281 1265 334 1319 nisi
348 1264 425 1320 iussu
436 1270 527 1318 vestro
544 1263 721 1320 hereditatem
731 1264 805 1322 salire
819 1271 928 1337 potest:
943 1265 1008 1320 etsi
1021 1261 1185 1320 iubentibus

202 1346 279 1406 vobis
295 1347 405 1416 adimit,
420 1345 497 1404 vobis
511 1347 648 1406 hereditas
663 1348 830 1422 adquiritur,
846 1348 961 1422 perinde
976 1365 1008 1404 ae
1023 1348 1046 1404 si
1063 1365 1116 1404 vos
1132 1349 1185 1421 ipsi

202 1430 317 1490 heredes
331 1432 452 1490 instituti
470 1431 577 1488 essetis.
613 1441 642 1488 et
656 1433 850 1489 convenienter
864 1433 970 1490 scilieet
990 1432 1120 1507 legatum
1134 1450 1185 1506 per

202 1532 250 1574 eos
273 1515 349 1572 vobis
370 1515 531 1588 utquiritur.
569 1533 625 1574 non
645 1517 736 1574 solum
757 1524 847 1574 autem
867 1519 1025 1591 proprietas
1046 1534 1101 1591 per
1123 1534 1184 1588 eos,

203 1617 273 1674 quos
288 1602 317 1656 in
331 1605 469 1671 potestate
485 1598 604 1669 habetis,
625 1601 775 1674 adquiritur
789 1599 883 1673 vobis,
904 1601 954 1660 sed
971 1603 1053 1658 etiam
1068 1619 1184 1676 posses-

202 1685 258 1738 sio:
274 1684 469 1754 ouiuseumque
484 1684 555 1738 enim
569 1685 609 1738 rei
624 1686 828 1756 possessionem
843 1685 935 1760 adepti
950 1685 1071 1754 fremat,
1086 1686 1118 1744 id
1134 1703 1184 1744 ros

201 1765 344 1838 possidere
363 1764 498 1822 videmini.
541 1766 613 1823 unde
634 1770 712 1824 etiam
739 1786 788 1842 per
812 1787 861 1826 eos
883 1771 1014 1844 usucapio
1037 1771 1081 1826 vel
1104 1769 1185 1846 longi

166 1848 332 1920 asemper-is
347 1850 485 1920 possessio
500 1848 576 1906 robis
591 1851 703 1908 mestit
739 1853 776 1910 lie
791 1855 833 1910 his
849 1863 939 1910 autem
954 1856 1060 1926 samis,
1075 1857 1106 1912 in
1122 1857 1184 1928 qui-
1238 1869 1239 1948 q

201 1929 253 1988 hur
269 1938 374 1990 tantum
390 1932 589 1990 usumfructum
604 1934 723 2002 hahetis,
744 1938 781 1994 ita
795 1938 914 2012 placuit,
930 1949 978 2010 ut,
994 1939 1134 2014 quidquid
1149 1957 1185 1996 es

200 2031 231 2074 re
256 2023 346 2072 vestra
366 2017 409 2072 vei
430 2017 603 2091 exoperibus
624 2021 680 2077 suis
703 2020 862 2094 adquirant,
887 2023 915 2079 id
935 2023 1013 2080 vobis
1035 2024 1183 2096 adiciatur,
1237 1987 1238 2077 d

201 2100 276 2174 quod
290 2116 356 2156 vero
370 2109 446 2157 extra
457 2118 501 2158 eas
517 2119 610 2176 causas
624 2107 762 2180 persecuti
776 2115 853 2178 suut,
867 2107 941 2164 idad
956 2107 1101 2166 dominum
1117 2127 1184 2184 pro·
1236 2149 1237 2205 t

199 2185 323 2256 prietatis
338 2187 482 2258 pertineat.
509 2188 600 2260 itaque
614 2189 638 2244 si
652 2191 780 2246 isservus
794 2190 875 2247 heres
889 2194 1036 2250 imututm
1052 2195 1091 2250 sit
1107 2194 1183 2270 iega-

198 2271 292 2324 tumve
308 2267 372 2341 quid
387 2271 411 2324 ei
426 2277 473 2324 aut
488 2270 616 2328 donatum
632 2271 729 2344 fuerit,
750 2291 806 2330 noa
821 2276 1046 2352 mnfruotuaru'o,
1063 2279 1117 2336 sed
1132 2279 1184 2336 do·
1235 2273 1236 2333 i

198 2351 274 2404 mino
289 2353 463 2422 proprietatis
478 2353 638 2425 adquiritur.
660 2356 730 2414 idem
745 2358 834 2432 plaoet
849 2368 878 2417 st
893 2361 928 2418 ds
943 2378 990 2436 eo,
1006 2365 1055 2437 qui
1071 2381 1088 2420 a
1104 2363 1184 2420 vobis
1234 2397 1235 2402 κ

198 2428 272 2488 bona
287 2431 340 2488 fide
353 2435 521 2506 possidetur,
535 2438 592 2492 siva
606 2439 629 2494 is
644 2439 712 2497 iiher
725 2443 762 2498 sit
777 2443 834 2500 sive
849 2445 955 2502 aiienus
970 2465 1087 2518 servus3
1107 2449 1184 2523 quod
1234 2405 1235 2463 ¹

200 2517 273 2572 enim
292 2515 394 2590 placuit
413 2517 447 2574 de
467 2518 685 2594 usufructuario,
711 2525 782 2583 idem
807 2528 897 2602 placet
919 2538 947 2587 et
969 2531 1005 2588 de
1029 2531 1184 2590 bonafide
1233 2535 1234 2591 i

198 2614 371 2671 possessore.
413 2603 504 2676 itaque
525 2604 599 2677 quod
620 2616 697 2664 extra
716 2610 781 2667 duas
802 2613 869 2670 istas
892 2632 989 2673 musas
1010 2617 1184 2692 adquiritur,
1232 2657 1233 2668 η

197 2683 228 2738 id
244 2685 287 2740 vel
300 2685 334 2742 ad
348 2687 437 2759 iprum
452 2689 588 2762 pertinet,
604 2693 628 2748 si
642 2692 710 2750 liber
724 2703 782 2767 est,
798 2697 842 2754 vei
855 2699 890 2754 ad
905 2700 1067 2774 dominum,
1081 2705 1109 2760 si
1123 2720 1184 2760 ser·
1232 2669 1233 2720 ¹

198 2782 250 2823 vrrs
272 2776 323 2825 est.
365 2769 414 2826 sed
437 2770 523 2828 bonae
544 2771 606 2832 fldai
630 2794 775 2851 possessor
794 2799 856 2839 cum
873 2788 1035 2860 usucaperit
1057 2769 1183 2857 serrum,
1231 2775 1232 2849 d

199 2853 262 2921 quia
282 2869 316 2908 eo
337 2853 420 2910 modo
442 2855 566 2914 domiuus
588 2858 635 2932 tit,
656 2879 688 2918 er
710 2864 834 2922 omnibus
854 2871 944 2926 causis
967 2887 1020 2945 per
1042 2889 1110 2930 eom
1128 2872 1182 2928 sibi

197 2931 343 3006 adquirere
357 2945 467 3012 potest:
488 2941 651 3002 imotuarius
667 2964 731 3004 raro
747 2966 898 3028 usucapere
912 2971 970 3012 non
985 2963 1103 3030 potest,
1124 2958 1182 3031 pri·

197 3029 273 3114 mum
289 3022 419 3092 quianon
442 3025 579 3100 possidet,
600 3031 649 3086 sed
668 3031 747 3090 habet
767 3035 809 3091 ius
831 3038 1057 3114 utendifruendi,
1079 3041 1183 3098 deinde
1227 3001 1230 3106 4

197 3112 262 3169 quta
276 3105 343 3176 soit,
366 3124 474 3166 servum
494 3110 610 3169 alienum
631 3132 699 3174 esse.
730 3136 785 3175 non
806 3122 897 3178 solum
913 3130 1005 3181 autem
1020 3129 1181 3202 proprietas

195 3194 249 3252 per
264 3202 311 3244 eos
326 3196 484 3267 servos,-in
505 3195 602 3268 quibus
618 3203 818 3262 usumfructum
835 3207 941 3265 hahetis
958 3210 1001 3266 vei
1017 3229 1090 3286 quos
1107 3211 1180 3267 bona

195 3309 402 3336 Ἣ

195 3382 434 3508 21...tt.t·r·a
447 3394 780 3536 ts.⁵1·::.i.⁰tif‘ittii?
795 3405 1113 3542 „statuisti
1132 3409 1177 3462 ⁸⁹·
