2464 3916
215 211 275 276 150
302 229 336 263 nr
357 225 597 263 oaurotrroureue
618 225 703 267 cumr
722 225 758 260 rx
777 193 940 262 courmcru
958 211 1009 274 111,
1028 213 1061 261 27
1080 207 1140 278 (28).

211 372 352 439 societate,
368 368 450 424 veluti
467 367 541 441 quod
557 369 657 439 pariter
671 369 710 424 eis
725 366 813 442 legata
828 367 957 423 donatavc
972 374 1054 437 esset,
1071 374 1098 422 et
1112 366 1172 421 alter

211 470 306 510 eorum
328 453 405 508 alteri
425 451 486 508 ideo
508 461 635 508 teneatur
655 453 790 508 communi
811 449 955 506 dividundo
970 450 1085 522 iudicio,
1107 451 1173 523 quod

211 538 287 593 solus
304 538 407 594 tructus
423 553 456 592 ex
471 553 501 592 oa
517 553 546 592 re
561 537 724 610 perceperit,
740 543 787 590 aut
802 535 875 609 quod
891 537 980 592 socius
1001 537 1059 590 eius
1078 537 1106 590 in
1123 552 1173 590 eam

210 639 268 677 rem
283 622 448 677 necessarias
469 621 604 694 impensas
624 620 732 677 iecerit:
754 637 809 676 uon
829 620 999 694 intellegitur
1018 621 1129 692 proprie
1147 635 1173 674 er

211 713 354 762 contractu
376 705 513 780 obligatus
534 721 610 777 esse,
633 706 733 778 quippe
754 705 820 760 nihil
840 706 911 760 iuter
931 721 960 760 se
975 712 1174 760 contraxerunt:

211 790 259 846 sed
280 793 343 864 quia
364 806 420 846 non
441 807 473 846 ex
495 787 626 846 maleficio
649 797 773 860 tenetur,
795 790 871 864 quasi
892 805 924 843 ex
939 795 1079 844 contractu
1095 789 1174 844 teneri

177 875 327 931 tutetur.
359 873 431 930 Idem
453 875 519 929 iuris
538 881 581 930 est
600 873 635 929 de
655 890 705 946 eo,
731 875 777 948 qui
797 873 924 930 coheredi
945 889 995 928 suo
1010 873 1126 928 familiae
1141 888 1175 926 er·

178 959 354 1016 eriscundae
375 957 475 1014 iudicio
496 974 528 1013 ex
549 959 590 1014 iris
611 959 699 1014 causis
721 957 857 1032 obligatus
873 965 923 1012 est.
958 951 1056 1012 ¹Heres
1071 973 1175 1031 quoque

210 1046 362 1119 legatorum
378 1044 487 1098 nominc
508 1059 563 1098 nou
583 1044 693 1116 proprie
715 1057 747 1098 ex
762 1049 903 1098 contractu
920 1041 1054 1116 obligatus
1074 1041 1176 1097 intelle·
1212 1085 1214 1090 .

210 1131 301 1202 gitur;
317 1144 406 1201 neque
421 1128 492 1182 enim
507 1143 568 1184 cum
584 1126 683 1182 herede
698 1142 786 1200 neque
808 1142 868 1182 eum
892 1125 1019 1182 deiuncto
1036 1126 1122 1181 ullum
1137 1141 1176 1179 ne·

211 1215 318 1286 gotium
338 1211 484 1286 legatarius
506 1212 625 1286 gessisse
645 1213 755 1285 proprie
776 1210 827 1266 dici
847 1218 953 1283 potest:
976 1202 1045 1265 sed²
1065 1211 1130 1283 quia
1149 1225 1176 1264 er

210 1295 341 1352 maieiicio
362 1305 480 1352 nonest
503 1295 639 1370 obligatus
661 1296 755 1367 heres,
779 1297 854 1368 quasi
876 1311 907 1350 ex
928 1301 1067 1351 contractu
1082 1293 1175 1350 debere

177 1385 193 1434 6
210 1381 388 1456 intellegitur.
419 1379 484 1436 item
500 1382 533 1451 is,
549 1382 592 1436 cui
609 1381 668 1453 quis
684 1396 733 1453 per
748 1395 869 1435 errorem
885 1396 939 1436 non
955 1378 1072 1434 debitum
1089 1378 1175 1447 solvit,

210 1467 287 1539 quasi
302 1481 333 1520 er
349 1471 492 1521 contractu
507 1463 606 1520 debere
622 1463 737 1520 videtur.
768 1463 835 1519 adeo
851 1465 921 1518 enim
936 1480 990 1520 non
1011 1463 1175 1536 intellegitur

209 1551 320 1624 proprie
340 1566 373 1605 ex
393 1556 536 1606 contractu
557 1548 708 1623 obligatus,
731 1556 775 1621 ut,
796 1549 818 1603 si
834 1549 976 1604 certiorem
991 1549 1126 1603 rationem
1140 1563 1174 1600 se·
1213 1609 1214 1616 ἵ

210 1651 339 1707 quamur‚
362 1636 464 1707 magis,
485 1641 516 1689 ut
536 1650 617 1708 supra
632 1632 763 1704 diximus,
780 1649 813 1689 ex
828 1632 958 1687 distractu
974 1649 1052 1706 quam
1068 1649 1103 1688 ex
1118 1647 1175 1686 con·

209 1725 298 1774 tractu
312 1719 399 1790 possit
414 1718 465 1772 dici
483 1718 619 1791 obligatus
634 1733 707 1772 esse:
720 1734 781 1772 nam
797 1719 843 1790 qui
858 1716 980 1772 solvendi
995 1718 1085 1772 animo
1101 1732 1174 1789 pecu·

210 1803 280 1856 niam
300 1801 360 1872 dat,
381 1802 409 1855 in
430 1801 482 1856 hoc
504 1801 567 1856 dare
586 1801 709 1873 videtur,
731 1811 761 1858 ut
781 1801 913 1856 distrahat
931 1802 1023 1874 potius
1038 1802 1173 1874 negotium

210 1901 289 1959 quam
305 1885 455 1940 contrahat.
487 1885 535 1940 sed
551 1892 641 1941 tumen
655 1885 769 1958 proinde
784 1888 818 1957 is,
834 1887 880 1959 qui
895 1887 1012 1960 accepit,
1034 1884 1173 1960 obligatur,

176 1981 191 2028 7
209 1987 240 2026 ac
254 1971 277 2025 si
293 1976 417 2025 mutuum
431 1969 470 2024 illi
485 1969 605 2039 daretur,
618 1979 646 2026 et
659 1969 721 2026 ideo
737 1971 906 2026 condictione
920 1977 1038 2026 tenetur.
1070 1968 1107 2024 Ex
1121 1970 1175 2042 qui·

209 2054 322 2110 busdam
337 2061 427 2110 tamen
441 2055 529 2110 causis
544 2055 631 2128 repeti
645 2071 701 2110 uon
716 2063 823 2128 potest,
839 2054 912 2128 quod
926 2071 976 2127 per
990 2071 1110 2110 errorem
1126 2070 1174 2109 non
1212 2087 1213 2128 3

209 2139 330 2196 debitum
345 2139 466 2195 solutum
481 2141 527 2195 sit.
557 2132 694 2213 namque³
709 2137 889 2195 definiverunt
903 2147 1019 2211 veteres,
1035 2155 1067 2194 ex
1084 2137 1173 2211 quibus

209 2226 296 2281 crusis
310 2221 452 2290 ¹infitiando
467 2224 500 2280 lis
517 2226 630 2295 crescit,
646 2241 679 2280 ex
694 2223 736 2279 his
752 2225 838 2283 causis
854 2240 909 2280 non
924 2222 1044 2279 debitum
1059 2223 1173 2278 solutum

209 2310 297 2382 repeti
311 2324 366 2364 nou
382 2324 474 2381 posse,
490 2308 575 2364 veluti
590 2325 622 2364 ex
637 2308 699 2382 lege
714 2308 830 2381 Aquilia,
845 2310 910 2364 item
926 2323 958 2363 ex
973 2308 1074 2382 legato.
1106 2305 1173 2380 quod

208 2400 315 2447 veteres
337 2392 446 2464 quidem
466 2393 494 2447 iu
516 2393 557 2448 iris
578 2392 676 2466 legatis
697 2392 787 2448 locum
808 2391 907 2448 habere
928 2391 1090 2462 voluerunt,
1112 2407 1174 2464 quae

209 2481 282 2532 corta
302 2477 450 2530 constituta
470 2492 519 2548 per
540 2475 736 2532 damnationem
765 2479 924 2550 cuicumque
949 2475 1057 2532 inerant
1077 2476 1174 2550 legata:

209 2567 302 2616 nostra
322 2566 412 2615 autem
432 2555 614 2616 constitutio⁴
633 2577 695 2616 cum
710 2577 790 2616 uuam
805 2570 927 2616 naturam
943 2560 1067 2616 omuibus
1082 2560 1174 2633 legatis

208 2651 237 2700 et
252 2643 467 2702 fideicommissis
482 2644 611 2716 indulsit,
627 2645 782 2701 huiusmodi
806 2652 980 2720 augmentum
1005 2647 1034 2700 in
1056 2643 1174 2701 omnibus

208 2729 306 2804 legatis
322 2737 348 2784 et
364 2727 578 2785 fideicommissis
594 2729 702 2786 extendi
718 2730 818 2786 voluit:
834 2729 952 2786 sednon
968 2729 1091 2786 omnibus
1105 2729 1174 2802 lega-

208 2815 281 2868 tariis
296 2812 430 2886 praebuit,
446 2813 494 2869 sed
509 2813 696 2870 tautummodo
712 2816 740 2870 in
751 2815 791 2870 his
807 2814 904 2888 legatis
916 2823 944 2869 et
954 2812 1174 2882 fideicommissis,

209 2913 277 2968 quae
292 2898 470 2952 sacrosanctis
485 2898 606 2954 ecclesiis
627 2899 780 2973 ceterisque
795 2898 991 2954 venerabilibus
1006 2899 1087 2969 locis,
1109 2913 1174 2970 quae

207 2979 348 3052 religionis
368 2979 411 3035 vel
431 2982 539 3053 pietatis
558 2983 660 3038 intuitu
681 2982 910 3056 honorificantur,
937 2983 1065 3040 derelicta
1084 2975 1175 3052 sunt,⁵

208 3079 276 3137 quae
291 3064 314 3118 si
329 3063 447 3119 indebita
462 3065 610 3137 solvantur,
627 3084 682 3124 non
697 3076 868 3142 repetuntur.

211 3213 414 3222 .-...-—-—--

276 3295 295 3358 ¹)
312 3297 371 3360 fere
389 3317 423 3337 =
443 3297 473 3345 t.
492 3299 517 3349 5.
541 3298 565 3357 ἓ.
583 3301 608 3347 2.
627 3299 660 3348 J).
679 3301 736 3353 eod.
823 3299 844 3362 ²)
866 3299 891 3349 Τ
908 3299 1019 3363 Thespia.
1039 3301 1173 3348 ettamen

207 3366 288 3414 ceteri
313 3366 391 3414 codd.
413 3365 471 3414 edd.
497 3363 571 3413 Scltr.
591 3373 617 3414 et
634 3365 688 3414 Kr.
774 3365 794 3430 ³)
816 3367 929 3430 ΤΙιεορΙι.
947 3365 973 3413 Β
990 3367 1082 3432 aliique
1098 3366 1174 3415 codd.

207 3430 248 3480 sic
267 3446 385 3496 nomque
404 3447 439 3480 ex
460 3429 540 3480 Ted.
558 3431 609 3479 Kr.
663 3429 684 3495 ⁴)
703 3433 735 3487 L.
754 3435 778 3483 2.
799 3435 826 3484 0.
845 3449 930 3485 comm.
950 3435 982 3484 de
1000 3437 1048 3498 leg.
1068 3433 1100 3496 (6,
1123 3429 1173 3492 43).

208 3493 228 3555 ⁶)
247 3497 279 3546 L.
298 3499 340 3548 46.
359 3499 382 3558 §-
403 3500 427 3550 7.
448 3497 475 3549 0.
495 3497 527 3547 de
545 3497 642 3550 sacros.
663 3504 724 3553 eccl.
746 3500 780 3564 (1,
799 3498 838 3566 3).
