2486 3916
400 237 436 273 na
456 237 652 274 contronrnns
671 227 694 288 I,
713 227 754 278 23.
1017 223 1059 287 29

87 381 173 436 fuerit
188 387 293 453 eaptus.
326 371 398 436 ¹Sed
414 388 441 436 et
455 382 480 436 si
494 397 582 454 usque
603 380 635 436 ad
656 389 756 437 certam
772 380 959 438 condicionem
981 381 1058 437 datus
1077 392 1093 440 2

86 467 125 520 sit
150 471 331 536 testamento,
352 481 437 538 aeque
457 466 561 536 evenit,
582 473 613 521 ut
633 465 738 522 desinat
753 482 813 522 esse
834 474 911 523 tutor
926 468 1059 523 existente

8 547 10 552 '
86 549 259 606 condicione.
297 547 382 604 Simili
402 547 483 606 modo
505 547 598 605 finitur
614 549 699 606 tutela
714 559 803 606 morte
820 551 862 607 vel
877 559 1001 607 tutorum
1016 550 1059 606 vel
1077 562 1093 610 3

86 633 265 708 pupillorum.
308 632 409 689 Sedet
432 635 525 707 capitis
552 634 737 690 deminutione
762 637 878 706 tutoris,
905 652 954 709 per
980 648 1094 708 quaml

86 717 199 774 libertas
215 717 258 774 vel
273 719 366 774 civitas
382 719 440 774 eius
456 719 603 789 amittitur,
626 720 713 776 omnis
735 719 819 776 tutela
836 721 916 794 perit.
951 721 1060 775 minima

86 810 178 858 autem
194 803 289 875 capitis
304 802 489 858 deminutione
509 805 624 875 tutoris,
647 803 731 860 veluti
749 805 773 860 si
788 821 818 859 se
838 805 865 860 iu
887 803 1060 878 adoptionem

87 885 211 958 dederit,
237 887 358 962 legitima
378 892 483 942 tantum
504 887 590 944 tutela
614 889 701 962 perit,
729 896 835 944 ceterae
855 905 910 944 non
931 897 1057 960 pereunt.

88 969 144 1026 Sed
168 971 264 1044 pupilli
284 979 312 1027 et
336 971 455 1046 pupillae
481 973 574 1046 capitis
599 973 765 1044 deminutio,
790 973 853 1029 licet
879 973 988 1028 minima
1013 973 1058 1042 sit,

88 1071 185 1110 omnes
203 1055 303 1111 tutelas
324 1055 407 1112 tollit.
443 1055 584 1114 Praeterea
605 1059 652 1130 qui
671 1057 704 1112 ad
724 1065 828 1113 certum
848 1064 956 1132 tempus
977 1063 1094 1118 testa-s

87 1147 184 1195 mento
200 1139 298 1196 dantur
313 1147 435 1212 tutores,
457 1139 534 1196 linito
550 1157 599 1214 eo,
615 1142 756 1215 deponunt
770 1141 894 1198 tutelam.
929 1141 1060 1196 Desinunt
1078 1154 1093 1201 6

87 1231 181 1280 antem
197 1241 256 1280 esse
276 1231 399 1296 tutores,
421 1225 467 1298 qni
488 1225 530 1280 vel
546 1233 721 1282 removentur
735 1242 749 1281 a
765 1226 851 1282 tutela
866 1225 900 1282 ob
921 1225 963 1297 id,
986 1225 1060 1298 quod

87 1309 212 1382 suspecti
231 1309 280 1364 visi
301 1317 380 1382 sunt,
405 1309 500 1366 velex
520 1310 591 1365 iusta
611 1327 690 1366 causa
710 1326 771 1366 sese
792 1318 921 1366 excusant
941 1319 968 1366 et
990 1327 1058 1366 onus

88 1391 314 1448 administrandae
335 1393 437 1450 tutelae
457 1393 599 1468 deponunt
619 1394 768 1450 secundum
789 1411 834 1466 ea,
857 1411 925 1468 quae
946 1393 1058 1450 inlerius

8 1511 9 1516 κ
87 1493 284 1550 proponemus.

467 1657 524 1698 rrr.
537 1657 626 1698 xxm.

405 1760 455 1810 DE
475 1760 743 1814 CURATORIBUS.

154 1897 264 1955 llasculi
285 1899 401 1973 puberes
423 1908 450 1955 et
471 1900 584 1958 leminae
604 1903 782 1975 viripotentes
804 1918 889 1976 usqne
910 1901 943 1957 ad
963 1902 1057 1956 vicesi·
1075 1911 1110 1949 Pr.

86 2001 163 2040 mrim
180 1985 304 2058 quintum
319 2001 418 2040 annum
434 1985 599 2058 completum
615 1994 753 2042 curatores
768 1988 916 2060 accipiunt;
936 1987 982 2058 qui
997 1985 1059 2040 licet

86 2068 207 2144 puberes
228 2069 299 2140 sint,
320 2069 407 2125 adhue
427 2076 515 2125 nmen
531 2070 612 2127 huius
627 2071 721 2126 aetatis
736 2079 816 2141 sunt,
839 2079 868 2125 ut
884 2071 995 2142 negotia
1010 2085 1059 2123 sna

86 2153 162 2210 tueri
182 2169 239 2209 non
258 2153 374 2227 possint.
417 2153 518 2210 llantur
537 2161 626 2210 autem
647 2161 785 2210 curatores
807 2153 839 2208 ab
859 2153 955 2208 iisdem
975 2153 1063 2225 magi.
1080 2163 1090 2208 1

88 2235 236 2310 stratibus,
257 2255 272 2294 a
293 2237 390 2312 quibus
412 2245 440 2294 et
458 2245 576 2294 tutores,
621 2238 670 2294 sed
692 2244 802 2294 curator
822 2245 984 2294 testamento
1003 2253 1059 2292 non

87 2322 184 2394 datur,
206 2319 254 2378 sed
275 2322 353 2378 datus
374 2321 550 2380 confirmatur
569 2323 680 2380 decreto
703 2324 835 2396 praetoris
852 2321 896 2380 vel
916 2321 1056 2396 praesidis.

86 2405 157 2462 ltem
177 2408 254 2463 inviti
275 2407 461 2466 adulescentes
483 2416 621 2464 curatores
642 2424 697 2464 non
718 2408 852 2482 accipiunt
871 2415 1059 2482 praeterquam
1077 2421 1093 2468 2

87 2491 226 2547 in'litem:
248 2499 358 2548 curator
377 2493 448 2548 enim
464 2490 539 2548 etad
554 2499 654 2548 certam
670 2508 776 2548 cansam
793 2492 850 2548 dari
870 2499 971 2567 potest.
1008 2489 1060 2546 uu·
1078 2506 1094 2553 3

88 2577 156 2631 riosi
177 2592 287 2649 quoque
308 2583 335 2632 et
354 2576 479 2651 prodigi,
508 2577 571 2633 licet
592 2579 706 2633 maiores
727 2579 822 2652 viginti
843 2578 963 2650 quinque
983 2577 1058 2632 annis

89 2661 161 2732 sint,
182 2662 320 2716 tamenin
342 2656 482 2718 curatione
502 2669 567 2717 sunt
587 2661 767 2736 adgnatorum
788 2679 820 2718 er
840 2661 902 2736 lege
917 2659 1058 2716 duodecim

89 2743 252 2800 tabularum.
283 2745 332 2801 scd
352 2745 443 2802 solent
457 2744 556 2802 Romae
580 2745 732 2821 praelectus
754 2745 828 2802 urbis
849 2746 890 2801 vel
906 2752 1017 2818 praetor
1032 2753 1060 2800 et

90 2831 118 2884 in
132 2829 279 2902 provinciis
295 2829 433 2902 praesides
449 2846 482 2886 er
501 2831 678 2904 inquisitione
694 2831 733 2886 eis
749 2831 812 2886 dare
827 2837 975 2887 curatores.
1006 2828 1060 2884 Sed
1077 2839 1093 2886 4

90 2921 118 2968 et
132 2921 224 2970 mente
240 2916 325 2988 captis
341 2923 369 2970 et
384 2914 473 2970 surdis
494 2922 522 2970 et
537 2917 619 2972 mutis
641 2923 669 2972 et
690 2917 737 2988 qui
756 2915 852 2972 morbo
872 2922 1006 2989 perpetuo
1023 2913 1060 2970 la-

8 3069 10 3074 ·
89 2996 203 3070 borant,
230 3001 292 3072 quia
317 2997 399 3054 rebus
426 2999 482 3054 suis
508 3016 652 3074 superesse
678 3016 735 3056 nou
760 3008 892 3074 possunt,
919 3007 1058 3056 curatores

90 3081 171 3138 dandi
188 3091 261 3140 sunt.
290 3083 429 3140 interdurn
443 3091 533 3140 autem
555 3091 582 3140 et
597 3083 693 3159 pnpilli
707 3093 847 3141 curatores
863 3085 1013 3159 accipiunt,
1030 3091 1059 3139 nt
1078 3094 1095 3140 t>

89 3173 157 3240 puta
171 3168 195 3222 si
210 3167 347 3242 legitimus
370 3175 445 3224 tutor
466 3171 571 3227 nonsit
587 3169 716 3241 idonens,
738 3171 800 3243 quia
815 3169 925 3226 habenti
940 3177 1059 3225 tutorem

89 3259 167 3306 tutor
189 3251 246 3307 dari
266 3269 322 3308 non
342 3260 443 3326 potest.
480 3254 545 3308 item
566 3256 589 3309 si
609 3262 771 3311 testamento
794 3253 870 3310 datus
892 3261 969 3310 tutor
990 3253 1060 3308 vela

88 3343 217 3408 praetore
238 3337 280 3392 vel
301 3353 316 3392 a
336 3337 459 3410 praeside
479 3337 594 3394 idoneus
616 3355 671 3394 non
691 3341 727 3394 sit
747 3339 780 3394 ad
801 3339 1059 3395 administrationem

87 3449 295 3461 ————

160 3481 226 3582 ¹)'==
239 3521 271 3570 r.
287 3521 327 3572 14.
351 3519 375 3580 s.
389 3521 413 3570 s.
432 3520 464 3570 u.
478 3523 509 3571 ae
522 3522 591 3570 tuter.
610 3516 662 3586 (eo,
682 3520 706 3583 1)
725 3535 760 3570 es
780 3520 837 3584 unp.
857 3521 873 3571 ι.
893 3520 925 3569 37
945 3519 981 3567 aa
998 3515 1058 3568 sao,
