2486 3916
191 225 230 278 IV
595 235 765 272 rasennam.
796 222 802 268 .'

211 357 233 374 '¹'
260 362 373 419 ilultum
389 363 497 420 veroin
513 362 699 418 aestimatione
714 361 870 416 criticorum
885 357 1076 431 subsidiorum,
1093 375 1162 432 quae

192 439 366 524 inspromptu
381 454 462 517 sunt,
484 448 577 502 aviris
603 444 657 502 illis
678 444 766 500 doctis
782 443 924 500 dissentio.
960 443 1079 500 Possunt
1096 443 1162 500 haec

194 531 313 588 subsidia
327 533 357 588 in
372 531 427 587 duo
443 547 545 606 genera
559 529 654 586 dividi:
671 527 845 585 occidentalia
861 535 888 584 et
904 527 1054 584 orientalia.
1087 527 1162 583 Occi-

195 616 263 672 dens
283 615 362 672 nobis
390 617 461 690 ipsas
482 615 670 672 Institutiones
696 613 792 670 Latino
819 628 945 668 sermone
965 613 1079 686 scriptas
1102 629 1163 686 per-

196 700 289 756 multis
310 699 391 757 codd.
414 701 624 773 manuscriptis
645 698 775 766 servavit3
798 699 888 754 oriens
911 697 1049 752 versiones
1071 713 1162 753 earum

198 786 352 859 praestitit,
374 802 409 842 ex
431 784 529 858 quibus
545 792 634 840 tamen
649 781 708 838 sola
728 783 785 838 lere
801 780 978 856 'lheophilina
992 782 1163 856 paraphrasis

195 871 352 926 incensum
372 871 461 932 venit;
484 885 544 924 nam
557 866 630 942 ¹quae
645 874 785 940 praeterea
800 867 828 922 in
840 865 947 922 Graecis
966 865 1051 921 literis
1071 874 1164 940 poste·

196 955 278 1010 riorls
294 955 351 1010 aevi
366 969 398 1010 ex
413 955 480 1027 ipsis
495 950 715 1008 institutionibus
732 957 858 1024 excerpta
872 951 1008 1022 invenias,
1024 957 1071 1005 aut
1086 949 1165 1006 exilia

196 1045 277 1109 sunt,
306 1045 335 1093 ut
359 1037 422 1109 ilia,
451 1053 519 1111 quae
545 1037 574 1092 in
595 1035 757 1093 collectione
779 1051 912 1091 canonum
936 1033 1006 1107 apud
1028 1033 1113 1090 Voell.
1137 1042 1165 1090 et

196 1121 299 1178 lustell.
317 1129 384 1178 tona.
402 1120 433 1178 ll.
450 1139 477 1194 p.
497 1120 578 1179 1308
601 1128 629 1176 et
649 1121 677 1175 in
698 1119 798 1194 glossis
820 1119 934 1174 nomicis
950 1118 1096 1192 leguntur,
1117 1125 1165 1173 aut

197 1221 292 1262 revera
306 1222 343 1263 ex
358 1205 503 1280 'l'heophili
518 1204 692 1280 paraphrasi,
715 1219 767 1277 qua
789 1211 916 1276 tanquam
931 1201 1038 1259 Graecis
1052 1202 1164 1258 Institu-

200 1289 319 1346 tionihus
334 1289 495 1362 utebantur,
517 1297 624 1363 sumpta
645 1295 725 1359 sunt,
746 1287 863 1344 velutin
879 1286 997 1342 basilicis
1013 1303 1163 1360 eorumque

198 1374 326 1447 scholiis,
341 1376 369 1430 in
385 1375 518 1450 synopsi,
533 1375 562 1430 in
577 1372 794 1446 llarmenopulo:
811 1389 879 1446 quae
895 1373 984 1428 omnia
998 1373 1098 1446 igitur,
1113 1370 1163 1426 iam

198 1457 299 1516 aGull.
321 1459 425 1516 lieitzio
450 1460 478 1515 in
500 1459 544 1515 ed.
561 1458 687 1532 l'heoph.
709 1465 775 1513 tom.
792 1457 823 1512 ll.
847 1474 874 1530 p.
892 1456 952 1513 929
969 1473 1026 1529 seq.
1048 1455 1101 1511 hoc
1122 1470 1165 1510 re·

199 1551 308 1642 spectu·
311 1543 425 1600 collecta
433 1545 548 1619 ,magis
564 1541 709 1616 Theophili
730 1557 809 1616 quam
829 1543 947 1615 ipsarum
963 1540 1165 1595 Institutionum

202 1629 355 1684 recensioni
371 1629 503 1684 inservire
518 1635 658 1701 poterunt

265 1711 319 1766 lam
341 1714 407 1784 quin
428 1712 456 1766 in
483 1710 595 1767 edendis
617 1708 837 1765 Institutionihus
860 1707 1068 1765 occidentalibus
1090 1676 1166 1764 libris

200 1803 328 1868 tanquam
344 1794 520 1851 fundamento
536 1793 717 1850 insistendum
731 1794 782 1864 sit,
804 1794 904 1849 nemini
922 1809 1039 1866 unquam
1055 1791 1166 1848 dubium

200 1879 261 1935 iuit.
292 1879 346 1935 Sed
361 1879 395 1935 de
411 1880 536 1936 variantis
552 1878 594 1934 vel
609 1878 673 1934 alias
689 1875 785 1934 dubiae
797 1877 921 1934 lectionis
933 1876 1001 1933 locis
1017 1877 1164 1951 quaeritur.

199 1963 229 2019 ln
244 1964 286 2019 his
301 1963 425 2037 plerique
441 1963 559 2020 editores
580 1963 774 2036 antiquissimis
796 1961 934 2018 codicibus
951 1963 1002 2018 hoo
1017 1969 1060 2018 est
1073 1961 1167 2018 schola

199 2048 363 2109 Bononiensi
379 2047 560 2104 anterioribus
581 2055 686 2104 tantum
707 2045 827 2103 tribuere
848 2045 954 2118 solent,
978 2053 1109 2120 quantum
1123 2062 1167 2101 me

201 2131 290 2188 iudice
305 2134 403 2188 veritas
424 2149 480 2189 non
495 2134 611 2207 patitur:
633 2131 716 2206 idque
737 2129 844 2187 diverso
866 2139 1002 2205 respectu.
1049 2131 1167 2186 Primum
1211 2177 1212 2182 ,

204 2218 315 2273 enimsi
331 2219 391 2291 quis
415 2234 473 2274 eam
493 2217 582 2292 legem
606 2218 704 2298 ponit,
726 2233 806 2289 quam
827 2214 983 2290 llruegerus
1010 2215 1167 2271 observasse

201 2299 322 2372 videtur,
350 2308 381 2356 ut
402 2301 435 2356 ad
461 2301 568 2358 codices
584 2301 677 2356 seculo
693 2299 853 2356 duodecimo
874 2299 1017 2356 inferiores
1040 2307 1168 2372 tanquam

202 2380 389 2440 ‘deteriores'
411 2390 469 2440 tum
485 2391 589 2440 tantum
604 2383 736 2458 refugiat,
758 2385 782 2440 si
796 2385 979 2458 antiquiorum
994 2385 1076 2440 lectio
1091 2383 1167 2440 nullo

202 2467 284 2524 modo
300 2467 365 2523 ierri
381 2470 484 2542 possit,
499 2469 522 2524 is
538 2469 674 2524 nonsatis
690 2475 813 2542 reputat,
835 2471 968 2542 primum,
991 2469 1095 2525 etiamsi
1110 2468 1169 2526 sola

203 2553 347 2626 antiquitas
369 2553 544 2624 aestimetur,
564 2553 709 2614 inferiores
725 2553 833 2610 codices
850 2569 882 2609 ex
903 2553 989 2609 multo
1011 2555 1177 2626 antiquiori-¹

105 2629 108 2638 ’
204 2635 255 2692 bus
271 2652 351 2710 quarn
366 2638 413 2710 qui
428 2635 507 2692 nobis
522 2644 682 2710 supersunt,
697 2653 780 2711 posse
792 2639 925 2712 originem
937 2637 1036 2696 ducere
1051 2637 1168 2712 indeque

203 2721 371 2793 antiquiores
387 2729 415 2776 et
429 2723 551 2776 saniores
566 2721 698 2778 lectiones
719 2738 866 2794 servasse,
879 2721 978 2778 deinde
999 2723 1111 2779 eandem
1127 2739 1169 2778 ra-

204 2805 322 2876 tionem,
349 2811 463 2880 propter
489 2821 568 2887 quam
596 2805 714 2878 absurda
732 2807 892 2880 antiquioris
913 2807 1013 2863 codicis
1034 2807 1115 2863 lectio
1136 2823 1170 2862 ex

204 2889 358 2962 posteriore
373 2887 467 2945 codice
482 2891 646 2964 corrigitur,
668 2893 749 2946 eliam
762 2889 873 2960 ¹iacere,
895 2899 925 2946 ut
940 2889 1105 2964 probabilior
1120 2907 1169 2964 po-

205 2973 327 3028 sterioris
354 2973 524 3046 praeferatur
548 2975 634 3048 peiori
661 2975 830 3049 antiquioris.
876 2973 908 3030 Et
935 2991 1088 3048 quanquam
1113 2993 1171 3032 non

204 3071 293 3130 nego,
310 3057 458 3114 cavendum
473 3074 549 3129 esse,
565 3075 599 3114 ne
614 3059 695 3114 etiam
710 3061 893 3116 correctiones
909 3077 943 3116 es
957 3061 1069 3134 ingenio
1085 3059 1170 3116 iactae

205 3142 367 3216 posterioris
383 3143 454 3212 aevi,
477 3144 519 3198 cui
534 3150 609 3198 tanta
624 3143 684 3199 cum
700 3143 792 3200 studio
808 3151 836 3200 et
851 3161 935 3200 sensu
955 3146 1022 3200 reoli
1048 3145 1172 3202 doctrina

205 3223 338 3297 redierat,
365 3227 506 3300 proveris
528 3226 689 3284 lectionibus
710 3245 743 3284 er
765 3229 925 3302 antiquitate
947 3231 1103 3303 propagatis
1120 3231 1171 3286 ha·

205 3307 331 3382 beantur,
347 3317 436 3366 tamen
452 3311 538 3368 multo
554 3313 642 3368 minus
658 3312 801 3369 serendum
813 3320 865 3384 est,
881 3314 904 3368 si
916 3313 1087 3370 librariorum
1102 3315 1171 3370 osci-

206 3395 323 3450 tantium
338 3394 467 3468 quicquid
482 3395 565 3453 libido
586 3399 720 3471 peccarit,
742 3404 769 3453 et
790 3413 941 3471 quanquam
958 3414 989 3452 ea
1001 3398 1067 3454 vitia
1079 3399 1171 3465 ‚erudi-

207 3483 298 3534 torum
313 3480 432 3535 sermoni
447 3478 587 3538 iustiniani
606 3499 670 3538 aevo
691 3483 744 3537 iam
764 3481 920 3538 inhaesisse.
934 3481 1042 3556 probari
1063 3484 1170 3542 mininm
