2484 3916
309 265 345 299 ns
365 263 498 300 uturum
518 265 702 302 rnsrnnenrc
721 251 758 312 11,
778 254 817 302 11.

509 433 566 475 mr.
580 433 621 474 x1.

308 531 358 588 Dii
377 534 547 588 MILITARI
565 535 822 591 TESTAMENTO.

140 655 247 736 ¹Supra
267 660 338 717 dieta
353 659 469 734 diligens
485 659 639 716 observatio
657 661 686 716 lu
702 660 857 717 ordinandis
877 666 1046 720 testamentis
1064 685 1099 726 m.

72 745 206 804 militibus
222 752 335 821 propter
346 746 453 801 nimiam
469 746 629 820 imperitiam
639 745 880 804 constitutionibus
895 748 1097 838 principali·

72 831 126 887 bus
148 833 261 887 remissa
282 837 334 887 eat
369 843 430 886 nani
452 821 572 903 quamvis
594 831 621 885 bl
636 843 725 903 neque
739 829 892 905 legitimum
906 847 1048 888 numerum
1150 895 1159 914 ‚

72 917 187 972 testium
203 914 374 970 adhibuerint
393 929 484 987 neque
503 913 580 970 aliam
596 919 823 971 testamentorum
838 915 1048 972 sollemnitatem

74 1000 296 1072 observaverint,
316 1005 391 1055 reete
411 997 496 1054 nihilo
517 1001 605 1055 miuus
626 1006 778 1070 testantur,
799 1001 924 1057 videlieet
944 1017 1006 1060 cum
1020 1002 1048 1056 iu

73 1083 293 1160 expeditionibus
309 1085 432 1157 occupati
447 1090 524 1139 sunt:
546 1083 621 1158 quod
641 1083 738 1140 merito
758 1093 853 1141 nostra
867 1079 1049 1142 constitntlo²

72 1169 189 1226 induxit.
216 1183 328 1242 quoquc
340 1169 411 1224 enirn
423 1167 504 1224 modo
519 1169 646 1225 voluutas
661 1170 719 1224 eius
735 1183 861 1243 suprema
875 1171 932 1226 slve
948 1172 1049 1244 scripta

72 1255 230 1310 inveniatur
244 1255 301 1310 slve
315 1253 375 1309 sine
389 1253 538 1326 scriptura,
562 1253 633 1310 valet
652 1260 845 1310 testamentum
861 1269 894 1310 er
908 1255 1048 1311 voluntate

73 1341 146 1395 eius.
176 1337 232 1394 illis
246 1345 336 1394 autem
351 1337 533 1411 temporibus,
551 1353 602 1413 per
617 1352 687 1412 quae
700 1340 767 1394 citra
782 1339 985 1413 expeditionum
1000 1355 1048 1395 ne·

73 1424 229 1480 cessitatem
249 1423 277 1478 in
292 1423 350 1479 aliis
362 1421 430 1478 locis
445 1422 488 1478 vcl
502 1423 530 1478 in
545 1424 602 1478 suis
617 1415 748 1479 sedibus³
762 1423 878 1497 degunt,
890 1425 999 1480 minime
1014 1424 1048 1478 ad

73 1505 266 1564 vindicandum
285 1503 340 1564 tale
360 1505 532 1581 privilegium
550 1506 726 1562 adiuvantur:
748 1508 796 1563 sed
818 1509 912 1564 testari
928 1507 1046 1580 quidem,

73 1599 105 1650 et
124 1593 149 1648 si
168 1589 331 1648 filiifamilias
352 1599 430 1661 sunt,
453 1599 566 1665 propter
581 1591 702 1648 militiam
715 1591 915 1662 conceduntur,
935 1592 994 1648 iure
1010 1598 1049 1646 ta·

73 1695 138 1734 men
159 1677 311 1746 communi,
339 1693 369 1732 ea
390 1671 579 1732 observatione
600 1683 629 1732 et
648 1677 676 1731 in
697 1691 792 1732 eorum
811 1678 983 1732 testamentis
1003 1673 1049 1731 ad·

75 1761 209 1832 hibenda,
232 1777 310 1836 quam
326 1769 354 1817 et
368 1763 397 1816 in
412 1761 586 1817 testamentis*
600 1773 769 1835 paganorum
783 1763 905 1836 proxime
921 1762 1049 1836 exposui·

73 1862 146 1904 mus.
193 1840 294 1902 ⁴Plane
314 1845 348 1902 dc
368 1843 485 1902 militnm
503 1847 673 1902 testamentis
694 1845 771 1902 divus
793 1845 922 1902 l'raiauua
942 1845 1048 1902 Statilio
1067 1855 1081 1903 1

74 1933 178 1989 Severo
194 1933 231 1987 ita
245 1931 399 2004 rescripsit:
420 1925 461 1986 ‘td
476 1930 658 2004 privilegium,
675 1931 749 2005 quod
764 1931 940 1988 militantibus
955 1931 1048 1988 datum

74 2025 134 2089 est,
152 2025 182 2073 ut
198 2032 310 2091 quoquc
326 2015 406 2072 modo
422 2015 491 2071 iacta
504 2015 537 2071 ab
559 2015 601 2071 hia
616 2023 779 2072 testamenta
792 2023 849 2071 rata
863 2017 934 2088 sint,
955 2017 994 2070 sie
1008 2017 1049 2070 iu-

73 2103 172 2176 tellegl
193 2100 290 2172 debet,
312 2109 343 2156 ut
363 2101 458 2174 utique
478 2101 554 2173 prius
575 2107 701 2156 connare
722 2099 834 2170 debeat,
856 2105 1048 2154 testamentum

74 2187 178 2243 factum
194 2199 270 2257 csse,
290 2185 363 2259 qnod
379 2194 407 2240 et
421 2187 480 2240 alne
495 2185 629 2257 sciptura
644 2197 660 2238 a
673 2199 730 2239 nou
745 2181 923 2238 militantibus
938 2197 1049 2254 quoque

74 2271 135 2328 fieri
155 2277 258 2346 potest.
279 2271 386 2344 iserge
402 2269 494 2341 miles,
516 2267 549 2324 de
564 2269 642 2324 cuius
661 2266 741 2323 bonis
761 2268 833 2342 apud
850 2275 879 2324 te
900 2267 1051 2341 quaeritur,

74 2357 99 2412 si
113 2356 272 2412 convocatis
284 2354 317 2410 ad
333 2355 386 2410 boe
400 2352 565 2425 bominibus,
581 2361 612 2408 ut
623 2343 790 2410 voluntatem
804 2367 879 2409 suam
891 2359 1049 2423 testaretur,

74 2444 112 2498 ita
126 2441 240 2497 locutas
258 2448 316 2512 est,
338 2447 368 2495 nt
388 2439 551 2510 declararet,
572 2451 653 2513 quem
668 2435 750 2494 vellet
769 2437 820 2494 sibi
841 2453 901 2494 esse
921 2437 1049 2494 heredem

76 2534 104 2582 et
118 2527 163 2582 eni
177 2524 332 2581 libertatem
346 2523 482 2596 tribuere,
497 2531 590 2598 potest
604 2521 690 2579 videri
703 2525 763 2579 sine
778 2525 881 2598 scripto
899 2523 953 2579 hoe
967 2522 1050 2578 modo

75 2625 137 2668 csse
154 2617 271 2666 testatus
287 2616 314 2665 et
329 2609 454 2665 voluntas
470 2609 528 2664 eius
543 2616 600 2664 rata
614 2606 736 2664 habenda
751 2616 802 2664 est.
833 2615 954 2664 ceterum
969 2609 1003 2678 si,
1019 2614 1050 2662 ut

75 2695 240 2770 plerumque
255 2693 426 2750 sermonibus
442 2691 501 2749 ficri
515 2693 602 2764 solet,
619 2692 687 2748 distr
702 2692 795 2748 alicui:
818 2707 882 2751 neo
899 2705 939 2748 un
953 2705 1049 2748 nann-

74 2798 142 2838 nmn
156 2795 253 2838 uacuo
268 2787 492 2838 autumnoue
506 2794 571 2835 mna
590 2794 767 2848 spumeum
788 2794 845 2833 non
866 2783 976 2849 oportet
997 2775 1051 2832 hoc

10 2865 11 2868 ’
75 2881 127 2939 pro
149 2871 316 2920 testamento
336 2863 483 2920 observari.
519 2861 709 2918 nonullorum
730 2863 815 2936 magis
836 2863 951 2917 interest
969 2876 1050 2935 quam

75 2947 325 3024 ipsorum-quinus
341 2947 368 3004 id
383 2947 556 3022 privilegium
571 2947 665 3002 datum
680 2954 732 3018 est,
748 2944 881 3003 eiusmodi
896 2943 1050 3021 'exemplum

76 3049 134 3090 nen
150 3031 272 3089 admitti:
294 3033 415 3107 alioquin
430 3047 486 3088 non
502 3031 649 3088 diifieulter
662 3039 727 3105 port
742 3040 857 3088 mortem
873 3031 986 3088 alicuius
1001 3033 1050 3086 ml-

147 3283 167 3346 ¹)
185 3285 240 3333 inii.
257 3283 316 3346 fere
334 3303 368 3324 =
387 3283 445 3333 Gai.
463 3283 487 3342 9,
507 3283 564 3334 109.
634 3277 710 3345 ²)L
726 3281 766 3331 tt.
787 3279 815 3332 C.
836 3283 868 3331 de
886 3286 985 3332 testum.
998 3279 1049 3327 mil.

77 3352 112 3414 (6,
131 3349 185 3413 nt).
255 3347 375 3414 'lsicB
396 3347 511 3414 Theopd.
530 3352 586 3400 coit.
611 3349 701 3412 Vepet.
726 3349 806 3399 dere
824 3349 874 3398 mil.
893 3347 923 3410 3,
942 3349 967 3396 4
993 3343 1050 3396 edi·

75 3420 130 3468 bus
152 3417 203 3477 To,
222 3421 292 3485 quod
307 3420 392 3470 citium
418 3421 493 3468 etiam
514 3419 649 3482 trrepsit
639 3433 666 3467 m
683 3417 716 3469 L.
735 3417 779 3466 ult.
798 3416 827 3466 Ο.
846 3415 879 3465 de
895 3415 980 3467 restit
997 3413 1048 3465 mil.

78 3485 285 3549 (nummuli
305 3487 419 3552 equit.
439 3485 591 3538 molliet.
612 3492 630 3534 t.
650 3483 684 3548 (t,
704 3483 756 3546 35).
825 3480 1036 3546 ⁴.).=·L24n

78 3555 111 3604 de
128 3556 179 3604 mil.
199 3561 297 3604 testem.
318 3554 369 3618 (29,
390 3552 416 3618 1)
434 3569 470 3604 ex
487 3553 665 3604 Florentinil.
686 3552 718 3600 10
736 3550 816 3600 instit
