2484 3916
24 215 25 220 ¹
84 241 112 274 nr
130 238 256 275 saruuurs
276 237 364 274 susus
384 237 436 272 ran
456 237 702 272 rrnrrcouurssuu
722 237 852 274 nanterus
866 221 902 284 ΙΙ,
917 225 958 278 at,
994 221 1034 286 97

83 383 148 438 heres
167 378 280 454 pertidia
301 383 393 434 tentus
414 377 561 451 adimplere
588 377 667 434 iidem
688 387 795 434 recusat
814 379 957 453 negando,
979 397 1035 436 rem

82 468 111 521 ita
124 483 178 521 esse
193 463 381 533 subsecutam,
397 463 420 518 si
435 461 699 520 fideicommissarius
715 463 902 520 iusiurandum
918 466 943 519 ei
958 464 1036 520 detu-

82 550 144 620 lerit,
166 565 227 606 curn
247 548 323 622 prius
345 548 403 620 ipse
424 546 458 602 de
473 546 606 615 calumnia
621 548 764 617 iuraverit,
787 563 897 604 neeesse
913 565 975 604 eum
991 549 1036 604 ha·

81 633 132 689 bere
146 634 186 690 vel
207 631 394 688 iusiurandum
410 630 516 701 subire,
538 631 610 704 quod
630 631 696 688 nihil
718 631 800 688 talea
816 640 947 689 testatore
962 633 1037 688 audi·

81 719 122 787 rit,
141 717 181 774 vel
203 723 372 775 recusantem
388 715 420 772 ad
442 713 640 772 fideicommissi
662 715 705 772 vel
722 717 902 772 universitatis
918 717 961 773 vel
975 735 1036 792 spe-

80 801 139 858 cialis
156 802 322 858 solutionem
338 802 469 870 coartari,
493 817 526 856 ne
548 799 674 874 depereat
695 799 787 856 ultima
805 800 930 856 voluntas
953 807 1036 858 testa·

82 889 134 942 teris
155 885 218 942 iidei
239 884 346 941 heredis
368 886 519 940 commissa.
563 885 655 941 eadem
676 883 813 940 observari
833 887 987 941 censuimus
1008 896 1035 942 et

79 972 97 1026 si
109 988 120 1025 a
133 971 263 1045 legatario
272 969 314 1026 vel
331 967 578 1026 fideicommissario
594 969 695 1042 aliquid
709 969 835 1025 similiter
849 969 974 1026 relietum
989 972 1033 1025 sit.

80 1056 163 1128 quodsi
179 1057 218 1125 is,
234 1071 249 1110 a
264 1070 319 1127 quo
334 1053 458 1109 relictum
474 1053 586 1123 dicitur,
603 1052 767 1110 confiteatur
782 1053 890 1127 quidem
907 1054 1006 1128 aliquid
1021 1073 1035 1110 a

79 1156 101 1194 se
114 1140 234 1197 relietum
249 1155 320 1210 esse,
336 1137 383 1194 sed
399 1137 431 1192 ad
447 1138 516 1211 legis
532 1137 708 1194 subtilitatem
724 1138 862 1210 decurrat,
880 1139 1034 1195 aranimoda

78 1225 205 1298 eugendus
221 1231 263 1279 est
278 1223 394 1278 solvere.
613 1219 614 1222 ’

472 1419 529 1459 utu.
543 1419 627 1459 mv.

150 1525 198 1573 DE
217 1521 387 1574 SINGULIS
405 1521 525 1572 REBUS
543 1521 615 1571 PER
633 1519 956 1573 FIDEICOMMISSUM

461 1604 644 1657 Rnntc'rts.

132 1723 243 1786 ¹Petest
257 1737 347 1786 autem
363 1731 423 1802 quis
438 1731 517 1785 etiam
532 1727 653 1804 singulas
669 1745 712 1784 res
733 1745 782 1802 per
797 1728 1034 1788 fideicommissum
1052 1739 1086 1781 Pr.

78 1815 237 1890 relinquere,
253 1815 336 1870 velati
352 1814 475 1884 landum,
491 1814 638 1885 hominem,
654 1821 766 1886 vestem,
782 1823 939 1889 argentum,
955 1833 1037 1890 pecu·

77 1900 138 1954 niam
162 1907 341 1971 numeratam,
370 1906 397 1954 et
421 1898 464 1954 vel
489 1899 578 1973 ipsum
604 1898 731 1956 heredem
758 1915 871 1974 rogare,
902 1909 932 1956 ut
958 1901 1036 1957 alieni

76 1985 206 2055 restituat,
228 1983 271 2039 vel
286 1983 463 2058 legatarium,
485 1985 605 2056 quamvis
621 1999 635 2037 a
650 1983 781 2057 legatario
802 1983 887 2057 legari
903 2001 957 2039 mm
973 2003 1036 2058 pos·

76 2068 115 2122 sit.
152 2068 247 2124 Potest
267 2075 356 2124 autem
377 2084 432 2124 nnn
452 2068 541 2123 selum
562 2067 685 2140 proprias
701 2075 817 2122 testator
831 2085 875 2122 res
896 2084 946 2140 per
961 2067 1035 2124 fidei·
1056 2076 1068 2123 1

77 2155 240 2210 commissum
260 2151 429 2226 relinquere,
450 2152 498 2208 sed
521 2159 549 2207 et
568 2150 675 2206 heredis
696 2157 741 2206 aut
762 2151 884 2224 legatarii
900 2160 945 2206 aut
961 2150 1036 2208 fidei·

77 2239 242 2312 commissarii
265 2243 311 2292 ant
333 2235 476 2293 cuiuslibet
502 2235 623 2291 alterius.
668 2236 758 2309 itaque
784 2242 812 2290 et
838 2235 983 2310 legatarius
1009 2247 1036 2292 et

78 2319 328 2378 lideicnmmissarius
350 2337 405 2378 non
426 2321 514 2378 solum
536 2319 569 2376 de
590 2336 620 2375 ea
641 2335 670 2375 re
691 2321 783 2394 rogari
796 2327 904 2393 potest,
927 2329 957 2376 ut
978 2337 1036 2378 eam

78 2404 146 2461 alicui
165 2407 310 2478 restituat,
338 2422 406 2480 quae
427 2407 451 2462 ei
471 2405 566 2462 relicta
586 2406 637 2477 sit,
663 2403 811 2460 sedetiam
833 2405 867 2480 de
888 2405 953 2476 alla,
980 2408 1036 2462 sive

77 2490 151 2561 ipsius
171 2493 228 2548 sive
250 2491 335 2547 aliena
356 2492 401 2546 sit.
444 2491 496 2546 hon
517 2489 606 2546 solum
628 2488 824 2545 observandum
845 2498 902 2562 est,
925 2508 959 2546 ne
974 2491 1035 2568 plus

78 2575 207 2648 quisquam
228 2583 344 2650 regetur
363 2574 442 2630 alicui
462 2577 624 2646 restituere,
646 2590 725 2648 quarn
746 2575 805 2647 ipse
821 2591 853 2630 ex
873 2583 1035 2631 testamento

78 2661 183 2731 reperit3
204 2664 273 2716 nam'
287 2659 361 2733 quod
381 2659 495 2734 amplius
516 2666 574 2730 est,
599 2659 732 2715 inutiliter
755 2658 929 2732 relinquitur.
974 2675 1035 2714 eum
1069 2691 1071 2697 ·

78 2750 157 2800 autern
176 2743 261 2801 aliena
281 2761 325 2800 res
345 2761 394 2818 per
415 2742 650 2800 fideicommissum
669 2743 845 2816 relinquitur,
868 2759 978 2800 neeesse
994 2751 1036 2798 est

79 2826 112 2896 ei,
126 2830 171 2901 qui
183 2837 296 2903 rogatus
313 2837 371 2899 est,
393 2837 440 2884 aut
453 2830 538 2903 ipsam
551 2827 684 2884 redimere
700 2835 728 2884 et
742 2835 879 2901 praestare
894 2835 940 2882 aut
956 2829 1036 2882 aesti-

79 2913 210 2969 mationem
232 2915 289 2969 eius
305 2913 420 2970 solvere.
458 2907 595 2976 ²Libertas
611 2929 720 2986 quoque
736 2927 815 2968 servo
835 2928 885 2986 per
900 2909 1036 2968 fideicnm-
1054 2921 1069 2969 2

79 2995 177 3054 nissum
197 2997 254 3054 dari
274 3005 382 3073 potest,
411 3007 440 3054 ut
461 2998 539 3054 heres
560 3013 622 3053 eum
649 3004 764 3070 rogetur
786 2999 974 3054 manumittere
995 2998 1036 3054 vel

78 3075 212 3152 legatarius
228 3083 271 3138 vel
292 3081 565 3139 daleieommissarius.
603 3097 654 3137 nee
667 3083 797 3152 interest,
820 3089 909 3138 utrum
930 3082 964 3138 de
984 3099 1035 3138 suo

78 3168 176 3238 proprio
191 3183 271 3224 servo
286 3173 403 3223 testator
416 3175 513 3242 reget,
535 3183 568 3222 an
583 3166 617 3222 de
632 3183 681 3237 eo,
704 3167 751 3239 qui
765 3167 850 3239 ipsius
866 3167 973 3222 heredis
989 3176 1035 3220 aaut

79 3244 188 3321 legatarii
210 3253 253 3308 rel
273 3253 352 3308 etiam
375 3254 493 3308 extranei
514 3253 559 3307 sit.
596 3253 687 3324 itaque
702 3251 804 3307 alienus
825 3267 919 3307 servus
941 3249 1034 3305 redimi

113 3448 159 3568 26¹}
172 3468 226 3569 pr}
241 3453 266 3514 ὃ.
286 3455 299 3502 1
321 3452 379 3516 fere
397 3473 430 3493 =
449 3451 505 3503 unt.
523 3451 679 3502 260...262.
767 3447 787 3509 ²)
806 3469 839 3488 =
859 3447 913 3500 Gai.
937 3449 966 3508 2,
986 3447 1034 3496 26?

175 3535 232 3569 mu.

107 3615 266 3654 rvsrmmnr
282 3618 512 3658 rusurrvrronns.
863 3601 881 3657 7
