2464 3916
189 205 251 268 114
418 219 453 254 oa
472 215 614 252 arboreus
634 200 892 262 eoonnrrou1s111‚
911 201 935 249 6.

189 363 298 437 proprie
325 360 376 416 dici
404 359 509 432 (amitae
531 368 592 414 tuae
614 355 661 414 filii
683 356 874 414 consobrinum
900 363 927 412 te
948 354 1094 428 appellant,
1118 364 1142 410 tu

156 447 252 502 billos
267 442 411 517 amitinos).
459 443 559 512 Quinto
585 457 666 516 supra
682 450 789 513 atavus,
816 442 914 511 atavia,
942 439 1011 496 inira
1025 439 1141 513 adnepos,

191 531 329 604 adneptis,
342 545 373 584 ex
392 539 547 585 transverso
561 527 650 582 lratris
666 528 824 599 sororisque
840 541 993 600 pronepos,
1015 525 1142 597 proneptis

190 623 218 670 et
233 615 424 670 convenienter
439 620 618 687 propatruus,
640 612 772 686 proamita
792 609 830 683 (id
851 618 892 666 est
913 610 1005 684 proavi
1026 607 1105 664 irater
1123 617 1144 662 et

189 697 296 771 soror),
324 697 539 772 proavunculus,
559 703 754 770 promatertera
776 693 813 768 (id
835 703 877 750 est
892 695 1017 768 proaviae
1033 692 1110 748 irater
1122 698 1144 746 et

190 782 296 856 soror),
311 784 376 838 item
391 783 482 839 fratris
498 781 641 855 patruelis,
663 780 766 836 sororis
786 779 931 853 patruelis,
952 776 1103 835 consobrini
1124 784 1145 831 et

190 867 383 939 consobrinae,
409 867 527 938 amitini,
553 866 677 920 amitinae
692 863 779 936 silius,
803 862 873 935 iilia,
900 864 1012 937 propius
1040 860 1145 931 sobrino,

191 947 316 1008 sobrina¹
342 951 378 1022 (bi
406 959 470 1006 sunt
496 951 584 1023 patrui
610 951 716 1022 magni,
747 951 842 1004 amitae
874 963 1007 1022 magnae,
1039 943 1146 1001 avunculi

158 1041 173 1088 a
192 1037 297 1112 magni,
324 1042 483 1092 materterae
506 1050 617 1108 magnae
639 1031 724 1104 filius,
751 1031 824 1106 filia).
863 1025 969 1088 ²Sento
994 1030 1147 1106 gradusuot

192 1137 274 1195 supra
290 1121 413 1191 tritavus,
429 1120 548 1190 tritavia,
563 1117 633 1174 inira
648 1117 785 1190 trinepos,
801 1118 942 1192 trineptis,
958 1133 991 1171 cx
1007 1123 1148 1171 transverso

193 1205 283 1260 fratris
298 1207 457 1277 sororisque
471 1203 606 1278 abnepos,
621 1201 743 1276 abneptis
759 1203 989 1258 reconvenienter
1004 1199 1148 1273 abpatruus,

192 1289 306 1348 abamita
322 1288 359 1358 (id
375 1297 417 1345 est
432 1287 506 1344 abavi
522 1287 605 1343 irater
620 1295 647 1342 et
662 1285 752 1358 soror)
768 1285 966 1356 abavunculus,
982 1283 1149 1340 abmatertera

193 1372 229 1446 (id
257 1381 298 1429 est
314 1372 418 1432 abaviae
444 1373 527 1428 irater
548 1380 575 1428 et
601 1370 706 1443 soror),
732 1372 797 1426 item
823 1369 978 1445 propatrui,
1006 1369 1149 1442 proamitae,

119 1452 121 1456 ’
193 1458 383 1532 proavunculi,
400 1465 611 1529 promaterterae
627 1453 713 1527 iilius,
729 1447 817 1526 fitia,³
831 1457 897 1512 item
916 1454 1006 1510 iratris
1021 1451 1149 1526 patruelis,
1211 1463 1212 1470 ¹

193 1545 295 1598 sororis
311 1543 452 1616 patruelis,
465 1541 631 1611 consobrini,
647 1539 834 1611 consobrinae,
849 1540 960 1610 amitini,
976 1539 1100 1594 amitinae
1113 1551 1150 1590 ne·
1212 1595 1213 1602 ,

194 1644 259 1701 pos,
281 1622 400 1700 neptis,⁴
426 1629 490 1682 item
512 1625 614 1680 sobrini
635 1624 814 1698 sobrinaeque
836 1623 872 1695 (id
893 1632 935 1680 est
951 1623 997 1696 qui
1013 1636 1150 1696 quaeveer
1212 1647 1213 1654 .

196 1710 322 1766 iratribus
339 1711 380 1766 vel
396 1709 535 1766 sororibus
550 1708 718 1782 patruelibus
739 1709 781 1764 vel
796 1707 966 1764 consobrinis
989 1707 1034 1762 vel
1050 1706 1149 1761 amitinis

161 1799 175 1850 't
194 1792 430 1868 progenerantur).
462 1793 597 1848 Hactenus
614 1792 766 1848 ostendisse
781 1791 914 1865 sufficiet,
937 1789 1150 1866 quemadmodum
1215 1779 1216 1786 ¹

195 1877 295 1952 gradus
310 1878 480 1952 cognationis
495 1885 680 1932 numerentur.
719 1894 833 1950 namque
855 1879 944 1933 erbis
960 1875 1049 1950 palam
1069 1875 1151 1931 estin·

195 1961 342 2036 tellegere,
368 1960 592 2035 quemadmodum
621 1960 735 2016 ulterius
763 1979 873 2036 quoque
896 1961 996 2036 gradus
1023 1973 1154 2016 numerare

197 2111 399 2120 ——.--.-—·-—-

266 2211 285 2274 ¹)
304 2213 416 2292 propius
428 2211 537 2262 sobrino
551 2205 695 2262 sobrinavi
716 2201 869 2276 λεγόμενος
882 2204 1020 2275 optinetur
1033 2207 1155 2276 σοβρῑνος

196 2277 246 2332 nal
258 2295 383 2346 προπρια
396 2278 516 2346 σοβρῐνα
532 2279 652 2342 ttzeopt,
671 2281 705 2334 id,
725 2280 793 2343 parad
803 2280 927 2333 dedimus.
947 2294 998 2328 non
1015 2279 1157 2328 intellectam

195 2349 307 2406 scilicet,
336 2363 389 2396 curn
414 2349 455 2396 sai
480 2350 538 2395 acui
556 2347 661 2396 Graecis
688 2349 832 2396 emendasse
858 2347 908 2396 aiot
928 2348 1009 2404 visas,
1037 2361 1087 2396 cam
1104 2344 1158 2391 aliis

196 2416 262 2464 aliae
278 2417 415 2478 placerent
437 2416 608 2476 corruptelae.
636 2421 745 2463 catervan
771 2415 846 2463 etiam
868 2414 1107 2478 propiussobrinus
1123 2406 1159 2474 (ot

195 2481 342 2546 proconsul
360 2483 414 2530 uice
440 2477 492 2530 τοῦ
518 2480 710 2543 proconsule)
737 2488 807 2531 recte
824 2483 924 2532 videtur
941 2483 995 2530 dici
1009 2482 1120 2546 potuisse
1137 2483 1160 2526 ct

196 2566 212 2598 a
231 2548 378 2614 quibasdam
395 2549 487 2596 dictam
513 2562 577 2596 esse.
605 2549 730 2612 proprior
747 2549 873 2598 sobrinus
892 2548 1006 2599 sobrina
1023 2547 1098 2598 codd.
1115 2553 1159 2597 oct.

197 2619 237 2668 ed.
257 2617 306 2666 Kr.
333 2615 444 2680 propior
470 2630 492 2663 s.
516 2631 538 2666 s.
567 2630 601 2664 ea:
628 2617 685 2665 aliis
710 2619 784 2666 codd.
809 2617 850 2666 ed.
875 2615 949 2668 Sclrr.
1018 2614 1040 2679 ²)
1055 2616 1113 2679 fere
1130 2633 1160 2654 =

197 2686 229 2734 L.
249 2687 324 2747 3pr.
344 2683 377 2732 D.
405 2685 436 2732 de
461 2683 537 2744 prad.
565 2679 778 2748 copn.(38‚10).
860 2679 881 2748 ³)
904 2684 971 2732 item
989 2687 1158 2748 propala...

196 2751 255 2802 filia
273 2753 341 2815 Dip„
359 2751 433 2800 codd.
452 2750 529 2811 infer.
547 2741 653 2813 ὁμοίως
671 2745 704 2801 db
721 2739 852 2814 ὁμείζων
872 2749 1058 2817 κοοοοβρῖνος
1078 2746 1129 2800 καὶ
1144 2740 1161 2811 ἡ

197 2817 368 2883 κονσοβρίνη
386 2817 496 2881 Tbeaplt
516 2832 551 2866 ecc
568 2820 641 2867 unicas
652 2819 724 2868 onice
742 2834 792 2868 non
804 2819 917 2870 absurda
934 2821 1031 2870 codicis
1047 2819 1162 2869 tectione.

197 2889 229 2936 de
249 2903 298 2950 pua
315 2887 365 2934 oid.
384 2885 465 2934 licita.
484 2887 550 2936 ande
567 2893 689 2949 apparet,
709 2902 759 2936 nan
775 2894 846 2936 recte
863 2894 977 2940 statuere
996 2886 1163 2936 Scdraderum

197 2955 233 3002 ad
249 2954 273 3002 b.
291 2955 318 3010 l.‚
336 2954 385 3002 iam
401 2951 577 3002 Tribanianam
589 2954 651 3002 daec
662 2953 739 3002 verba
752 2960 778 3003 et
787 2957 919 3020 sequentia
931 2955 999 3003 item
1010 2977 1052 3006 .·..
1066 2954 1164 3018 neptis,

198 3037 262 3085 qaae
274 3026 382 3084 atraque
394 3021 420 3069 in
438 3021 512 3070 codd.
527 3029 575 3071 oet.
595 3022 700 3078 desunt,
714 3023 800 3072 taedia
813 3037 897 3072 ornnes
909 3023 982 3072 buius
992 3023 1093 3085 ,qradm
1105 3033 1162 3084 per·

197 3103 274 3138 sonas
292 3089 457 3137 enumerandi
468 3089 588 3139 ambisse.
602 3105 618 3137 a
630 3088 743 3138 librariis
756 3103 816 3140 uero
828 3096 948 3154 respectu
961 3091 1029 3154 Dip,
1041 3089 1084 3140 ubi
1100 3101 1164 3153 qnae

196 3156 356 3220 praecedunt
366 3155 443 3204 verba
456 3155 523 3205 item
537 3156 629 3221 patrui
641 3157 735 3222 magni
745 3194 750 3205 .
761 3189 769 3204 .
782 3171 895 3222 .nepos,
905 3157 998 3222 neptis
1010 3153 1038 3223 (i.
1050 3173 1072 3208 e.
1083 3155 1165 3206 sobri·

198 3219 254 3288 nus)
267 3225 355 3286 inepta
372 3230 442 3280 suast,
460 3225 541 3274 omitti
553 3231 694 3286 potuerant
712 3231 830 3289 tanquam
847 3225 935 3274 eadem
945 3225 1105 3289 glossematis
1122 3239 1164 3272 sn-

197 3293 311 3355 spicr'one
329 3290 482 3340 laborantia.
552 3289 573 3352 4)
593 3291 657 3339 item
721 3293 811 3356 nepti·
823 3293 894 3356 trip,
913 3293 988 3342 codd.
1007 3293 1098 3355 insen:
1118 3305 1163 3360 pm·

198 3359 273 3409 codd.
291 3364 340 3406 oet.
359 3359 417 3406 item
438 3357 549 3421 Theopb.
568 3359 717 3420 codd.,.sed
733 3365 760 3407 nt
778 3367 850 3408 certa
865 3362 971 3422 vestipa'a
989 3375 1081 3417 eoram,
1100 3372 1164 3423 qaae

197 3426 343 3486 perierant,
362 3426 504 3486 supersint,
523 3426 555 3474 de
574 3425 661 3490 quibas
679 3427 728 3479 oid.
747 3425 827 3476 Rettz.
848 3426 914 3476 item
927 3430 1049 3492 propatr.
1069 3461 1166 3479 ......

199 3491 290 3553 neptis
308 3505 355 3540 arn.
375 3491 432 3540 cdd.
447 3491 523 3540 Scbr.
541 3498 567 3541 et
583 3492 633 3546 Kr.
