2484 3916
194 137 238 203 58
324 153 379 189 nr
396 153 470 195 otte
487 151 630 190 mrem
648 151 734 188 soris
750 151 932 194 inurunt}
947 136 984 198 113
1002 139 1028 187 9.

195 295 373 354 defundettu
391 304 436 364 et,
461 293 535 368 qnod
556 295 670 352 hmoris
699 297 724 350 ri
748 310 782 350 cs
806 294 1020 365 mancipatione
1045 290 1166 348 mutan

196 389 255 448 est,
276 379 351 452 qnod
365 380 491 434 sniiuris
505 379 692 450 effectnsest,
711 380 764 434 icoc
784 393 939 450 permuta
953 376 1165 434 deminutionem

195 464 344 520 wescat.
378 463 496 536 ideoque
515 466 678 534 statuimus,
698 472 729 518 ut
748 479 848 536 parens
868 478 920 535 pro
936 461 1016 516 tertia
1031 459 1167 516 bonorum

195 555 274 622 parte
294 547 422 618 dominii,
441 564 523 622 quarn
541 551 661 606 retinere
679 556 804 622 potent,
824 545 958 600 dimidiam
979 561 1036 600 non
1055 544 1166 600 dominii

195 649 304 702 rernm,
327 631 377 690 sed
398 632 573 690 ususfructm
592 635 723 690 retineat:
748 634 786 688 ita
810 632 912 688 etenim
933 639 962 686 et
986 646 1031 686 res
1051 631 1167 686 intactae

196 715 268 790 apud
283 715 367 773 filiunt
382 715 559 772 remanebunt
573 725 602 772 et
621 726 700 790 pater
713 716 843 789 ampliore
857 731 962 770 summa
976 714 1100 783 fruetur,
1116 729 1166 786 pro

161 805 179 854 a
196 801 277 858 tatia
296 800 405 860 amitis
424 803 574 876 potitum
610 795 696 858 ¹tten
715 799 792 857 rotun
812 799 981 874 atquittrr,
1001 797 1077 874 qood
1095 798 1168 852 servi

194 888 281 944 vestri
301 903 335 944 es
355 885 503 944 traditione
522 888 716 944 nancisctrmnr
734 887 791 942 sire
812 884 878 958 quid
894 883 1063 957 stipulentur
1076 881 1121 937 vel
1135 896 1168 938 ex

194 970 316 1045 qnaimet
334 970 385 1026 alia
399 987 480 1026 sensa
494 969 651 1043 adquirunt
686 971 740 1027 hoc
754 971 826 1026 enirn
840 966 917 1024 robis
932 975 961 1024 ct
975 965 1166 1041 ignorantibus

194 1065 224 1112 et
237 1056 328 1112 inritis
343 1052 462 1112 oivrntc
496 1055 558 1128 ipss
572 1057 644 1110 enim
656 1072 769 1124 sersus,
789 1055 837 1127 qui
849 1055 880 1110 in
897 1059 1036 1128 potestate
1055 1051 1166 1108 alterins

195 1148 254 1210 est,
268 1139 337 1198 nihii
349 1155 430 1196 snum
444 1137 544 1195 hahere
557 1148 660 1212 potest.
689 1139 739 1198 sed
752 1141 778 1194 si
793 1139 871 1194 heres
885 1139 1029 1194 institutus
1043 1136 1096 1205 sit,
1111 1151 1168 1192 non

194 1223 260 1280 afias
273 1225 327 1280 nisi
340 1225 418 1280 iussu
428 1231 521 1280 vermo
537 1224 715 1280 hreditatem
724 1223 799 1280 adire
812 1229 921 1296 potest:
935 1222 997 1278 etsi
1010 1218 1166 1276 iubentibus

195 1307 272 1366 vntris
287 1309 398 1378 amere,
413 1307 490 1365 robis
504 1307 641 1366 hereditas
656 1307 824 1382 adquiritur,
839 1307 952 1380 patroc
966 1322 997 1361 ae
1011 1306 1034 1360 si
1049 1321 1099 1360 ros
1115 1303 1166 1376 ipsi

194 1392 310 1452 hmedcs
323 1394 445 1452 instituti
462 1394 570 1450 aretis.
606 1402 636 1449 et
648 1393 844 1449 eonvenienter
856 1391 961 1448 scilieet
980 1390 1103 1464 legatum
1118 1405 1167 1460 per

194 1494 243 1536 eos
265 1477 342 1536 robis
362 1477 525 1551 adquiritur.
562 1495 619 1534 non
637 1478 730 1534 sotum
750 1485 841 1534 antem
860 1477 1015 1549 proprietas
1034 1490 1085 1548 per
1107 1489 1167 1542 eos,

195 1579 265 1638 quos
280 1565 309 1620 in
323 1569 462 1634 potestate
477 1561 597 1631 habetis,
617 1563 769 1635 adquiritur
782 1559 876 1632 robis,
896 1560 946 1616 sed
961 1560 1041 1616 etiam
1056 1573 1167 1632 posscs-

194 1649 250 1704 sio:
266 1648 462 1718 ctnusctrmque
476 1648 549 1702 enim
562 1648 603 1702 rei
617 1647 822 1719 possessionem
836 1645 927 1718 adepti
941 1644 1059 1709 inerint,
1072 1641 1103 1698 id
1119 1657 1167 1698 ros

193 1730 337 1804 possidere
356 1728 492 1786 uidemini.
534 1729 607 1786 unde
627 1733 706 1786 ctiam
732 1747 782 1804 per
806 1747 855 1786 cos
876 1729 1004 1802 usucapio
1026 1727 1069 1782 rei
1089 1725 1169 1799 iungi

159 1815 178 1865 t
194 1815 325 1888 temporis
339 1815 479 1886 possessio
494 1813 570 1870 robis
585 1814 697 1872 accedit.
733 1815 770 1870 ite
784 1816 826 1870 his
842 1823 931 1870 autern
945 1813 1048 1882 serris,
1062 1813 1092 1868 in
1107 1811 1169 1883 qui-

193 1896 245 1956 bus
261 1905 367 1956 tantum
382 1897 583 1954 usumfructum
597 1897 718 1965 hahetis,
737 1901 775 1956 ita
789 1899 907 1972 placuit,
922 1907 969 1968 ut,
984 1894 1120 1970 quidquid
1134 1911 1170 1950 cs

192 1998 224 2040 re
248 1990 339 2040 vestra
359 1983 402 2039 vel
422 1982 597 2057 exoperibus
617 1985 675 2040 suis
697 1983 855 2058 adquirant,
879 1983 908 2038 id
926 1980 1003 2038 robis
1024 1981 1169 2049 adiciatur,

193 2068 268 2142 quod
282 2084 348 2124 vero
363 2075 495 2124 extricas
510 2085 604 2142 causas
618 2070 756 2144 persecuti
770 2076 846 2138 sunt
859 2067 933 2124 idad
947 2066 1087 2122 dominum
1102 2079 1170 2138 pro-

192 2154 316 2226 prietatis
330 2154 475 2226 pertincat.
502 2155 594 2226 itaque
608 2155 632 2209 si
646 2155 774 2210 isserrus
788 2153 868 2208 ireres
882 2153 1025 2208 institutus
1040 2151 1077 2206 sit
1092 2149 1171 2222 iega-

190 2243 285 2294 tumre
300 2235 364 2310 qnid
379 2239 404 2293 ci
419 2245 467 2292 ant
481 2237 610 2294 donatum
625 2237 723 2308 fuerit,
743 2255 800 2294 non
815 2237 1035 2308 murmurans,
1051 2233 1102 2290 scd
1117 2233 1172 2290 do-

191 2321 267 2376 miuo
281 2321 456 2393 proprietatis
471 2321 632 2393 adquiritur.
653 2321 724 2378 idem
739 2322 828 2396 placet
842 2329 871 2378 et
886 2321 920 2377 de
935 2337 980 2394 eo,
995 2321 1044 2394 qui
1058 2335 1073 2374 a
1086 2316 1172 2374 vobis

191 2401 265 2460 bona
279 2402 332 2460 fide
345 2403 514 2476 possidetur,
529 2405 586 2460 sire
600 2405 623 2460 is
638 2403 706 2462 liber
719 2408 757 2462 sit
771 2407 828 2462 sire
843 2407 947 2463 alicnus
960 2421 1073 2472 servus3
1091 2403 1174 2476 quod

193 2489 265 2546 enim
285 2487 387 2562 placuit
406 2486 440 2544 de
460 2487 679 2559 usufructuario,
705 2489 777 2546 idem
801 2491 890 2565 placet
911 2498 939 2546 et
960 2489 994 2545 de
1019 2485 1174 2545 bonafide

192 2587 364 2648 possessore.
406 2573 498 2646 itaque
518 2572 593 2646 quod
614 2581 691 2630 ertra
710 2574 775 2630 duas
796 2577 863 2631 istas
885 2591 979 2632 causas
999 2573 1174 2647 adquiritur,

191 2656 220 2714 id
235 2657 279 2714 vei
292 2657 326 2714 ad
340 2658 430 2731 ipsunt
444 2658 582 2732 pertinet,
597 2659 622 2713 si
636 2657 704 2714 liter
718 2667 777 2730 cst,
792 2659 836 2715 vei
849 2659 883 2716 ad
897 2659 1055 2728 dominum,
1068 2659 1175 2726 siser·

191 2758 242 2798 rus
264 2749 315 2798 est.
357 2740 406 2798 sed
429 2740 516 2798 bonae
537 2739 600 2798 fldsi
624 2759 769 2816 possessor
788 2761 850 2800 curn
866 2744 1024 2818 nsnccperit
1044 2758 1175 2811 serrum,

192 2827 254 2900 qnia
274 2843 308 2882 eo
329 2825 412 2882 modo
435 2825 559 2882 dominus
582 2825 629 2898 tit,
650 2843 682 2882 er
704 2827 828 2884 omnibns
848 2829 936 2885 tausis
957 2844 1009 2902 per
1030 2843 1096 2882 corn
1115 2825 1175 2882 sibi

191 2908 335 2983 adquirere
349 2917 460 2984 potest:
480 2910 645 2968 fructuarius
661 2928 725 2968 roro
741 2929 890 2988 usucapere
905 2929 961 2968 non
975 2918 1090 2986 potest,
1111 2912 1176 2986 pri·

191 3009 264 3048 mum
281 2995 411 3068 quianon
434 2995 572 3070 possidet,
593 2996 643 3052 sed
662 2995 741 3052 habet
761 2998 803 3052 ius
825 2995 1046 3070 utendifruendi,
1067 2996 1177 3053 deinde

192 3079 254 3151 quia
269 3080 335 3150 scit,
358 3096 466 3136 servum
487 3080 604 3136 alienum
624 3097 693 3136 esse.
724 3098 779 3137 non
800 3083 890 3138 solum
905 3087 995 3138 autem
1010 3083 1177 3156 proprietas

189 3177 303 3236 percos
319 3179 428 3239 servor,
448 3167 477 3222 in
498 3164 596 3239 quibus
611 3165 811 3224 usumfructum
828 3166 932 3238 hahetis
949 3167 990 3222 vsi
1007 3183 1079 3241 quos
1096 3165 1177 3222 bona

260 3360 279 3425 1)
298 3362 338 3424 ἐξ.
357 3366 382 3417 3.
400 3366 417 3414 t
440 3370 466 3415 et
483 3365 499 3415 t
566 3365 672 3430 requiri
693 3379 775 3430 posse
796 3365 856 3426 sere
872 3385 907 3408 :a
926 3366 984 3419 Gai.
1003 3368 1033 3424 i,
1056 3367 1104 3416 87.
1124 3365 1176 3418 89.

191 3429 314 3484 91...9tt.
335 3431 366 3480 L.
386 3434 426 3484 tu.
445 3431 485 3494 ἓξ.
505 3433 593 3484 1...t.
610 3433 644 3486 D.
662 3434 695 3483 de
711 3449 772 3497 aeq.
789 3448 843 3482 rer.
862 3434 927 3486 dom.
946 3433 1000 3498 (41,
1020 3430 1059 3498 t),
