2464 3916
174 215 234 280 102
268 234 303 268 ns
324 231 504 279 nnnnnrrnr„
525 231 597 274 onan
617 232 652 266 se
672 231 827 267 moserano
847 227 1036 264 nasenuurcn
1049 212 1098 274 ΙΙΙ,
1115 217 1137 262 1.

169 393 221 448 que
243 375 352 430 deserto
374 375 414 428 avi
435 382 615 444 testamento,
637 389 702 428 suus
720 374 797 428 heres
814 357 939 427 eflicitur.
976 371 1056 444 plane
1072 372 1094 425 si
1111 379 1138 425 et
1229 375 1230 390 ¹

81 467 84 472 '
169 466 316 531 conceptus
338 468 365 513 et
379 466 457 512 natus
479 458 561 514 luerit
578 465 640 530 post
657 466 770 512 mortem
787 459 843 528 avi,
865 465 974 511 mortno
996 463 1071 528 patre
1087 471 1138 510 suo

168 544 333 615 desertaque
353 553 449 616 postea
464 545 504 597 avi
520 551 698 613 testamento,
720 559 785 596 suus
807 527 886 596 lieres
901 548 949 596 a‘vo
965 557 1021 595 non
1036 541 1139 610 existit,

169 629 233 702 qnia
253 628 328 684 nullo
349 630 408 682 iure
423 629 593 701 cognationis
615 636 716 700 patrem
736 627 778 681 sui
799 627 882 699 patris
898 627 999 699 tetigit.
1035 625 1074 680 sie
1090 642 1141 680 nec

168 712 214 767 ille
231 721 272 770 est
287 714 359 768 inter
373 711 473 768 liberos
489 729 553 783 avo,
576 727 654 784 quem
671 710 742 767 filius
758 711 939 783 emancipatus
955 709 1139 782 adoptaverat.
1229 715 1230 722 ’

168 797 196 852 hi
217 805 382 852 autemeam
399 813 452 852 non
469 805 532 852 sunt
549 805 678 869 qnantum
694 795 726 850 ad
743 794 917 850 hereditatem
934 793 1025 864 liberi,
1050 810 1141 868 neque

168 881 302 938 honorum
324 883 525 954 possessionem
548 889 641 954 petere
661 888 777 954 possunt
793 881 869 952 quasi
889 880 1004 952 proximi
1019 880 1139 952 cognati.
1229 925 1230 940 ,

79 955 82 962 ’
170 967 233 1022 haec
249 967 282 1022 de
298 967 353 1022 suis
369 963 523 1020 heredibus.
1224 966 1228 980 “

134 1061 150 1107 9
233 1051 396 1124 Emancipati
417 1059 506 1106 antem
527 1049 605 1104 liberi
625 1052 683 1104 iure
704 1049 775 1104 civili
796 1048 862 1104 nihil
877 1049 942 1102 iuris
959 1045 1071 1102 habeut:
1095 1063 1142 1102 ne-

169 1153 221 1208 que
243 1137 313 1190 euim
334 1137 377 1190 sui
396 1135 509 1190 heredes
530 1143 609 1205 snut,
632 1135 694 1206 quia
714 1135 741 1188 in
762 1139 898 1206 potestate
920 1147 979 1186 esse
1000 1130 1142 1186 desierunt
1226 1183 1227 1190 ,

168 1221 304 1294 parentis,
327 1235 415 1292 neque
430 1219 482 1274 alio
498 1219 554 1274 ullo
569 1221 628 1274 iure
648 1235 697 1291 per
718 1218 805 1291 legent
827 1216 968 1272 duodecim
988 1213 1142 1270 tabularum
1226 1211 1227 1218 ’

168 1312 308 1359 vocantur.
346 1303 393 1358 sed
414 1311 524 1376 praetor
543 1303 657 1358 naturali
676 1305 809 1375 aequitate
825 1308 917 1356 motus
938 1299 983 1354 dat
998 1301 1037 1354 eis
1054 1297 1143 1355 bono·

168 1405 227 1444 rum
249 1390 450 1462 pussessionem
473 1388 547 1444 unde
566 1387 658 1457 liberi,
680 1387 792 1460 perinde
808 1387 875 1440 acsi
891 1387 917 1440 in
938 1391 1076 1456 potestate
1096 1401 1142 1457 pa-

168 1475 252 1531 rentis
274 1475 369 1528 mortis
390 1481 514 1546 ternpore
540 1473 671 1542 luissent,
698 1473 753 1526 sive
774 1470 825 1526 soli
845 1471 899 1525 sint
918 1470 974 1523 sive
996 1485 1055 1524 cum
1084 1471 1142 1524 suis

169 1557 312 1614 heredibus
329 1567 501 1613 concurrant.
532 1559 623 1630 itaque
639 1555 744 1612 duobus
760 1554 851 1610 liberis
867 1552 1031 1623 extantibus,
1048 1569 1142 1630 emun-
1227 1610 1228 1614 ,

168 1645 255 1716 cipato
272 1651 299 1697 et
315 1644 361 1714 qui
377 1644 470 1698 mortis
486 1651 608 1714 tempore
623 1643 650 1696 iu
670 1647 806 1713 potestate
827 1640 924 1708 luerit,
946 1653 1009 1692 sane
1030 1637 1141 1710 quidem

167 1729 206 1796 is,
229 1728 322 1798 quiin
344 1734 480 1798 potestate
501 1726 598 1795 luerit,
620 1725 694 1780 solus
715 1726 774 1779 iure
789 1724 858 1779 civili
880 1724 958 1778 heres
975 1729 1033 1793 est,
1054 1721 1083 1776 id
1100 1731 1141 1777 est

168 1811 243 1864 solus
259 1827 324 1863 suus
341 1810 420 1864 heres
437 1817 492 1870 est:
513 1809 561 1864 sed
577 1826 637 1863 curn
653 1810 836 1881 emancipatus
851 1804 983 1863 beneficio
1004 1809 1140 1879 praetoris

168 1897 195 1950 in
216 1902 318 1966 partem
341 1893 506 1963 admittitur,
528 1893 632 1964 evenit,
656 1901 684 1947 ut
705 1907 771 1948 suus
793 1894 870 1948 heres
889 1908 941 1966 pro
961 1899 1039 1963 parte
1061 1892 1140 1946 heres

119 1980 151 2028 1o
169 1977 223 2033 liat.
260 1981 294 2032 At
315 1978 358 2048 hi,
382 1979 427 2050 qui
448 1979 605 2051 emancipati
620 1994 634 2031 a
650 1984 761 2050 parente
781 1980 809 2032 in
824 1976 997 2049 adoptionem
1012 1992 1043 2031 se
1058 1975 1139 2030 dede-

167 2072 247 2134 ruut,
269 2078 323 2118 non
339 2061 519 2118 admittuntur
533 2062 565 2118 ad
580 2061 649 2118 bona
665 2061 793 2118 naturalis
809 2063 892 2134 patris
909 2061 984 2132 quasi
999 2059 1095 2130 liberi,
1119 2062 1140 2113 si

168 2148 264 2219 niodo,
286 2163 346 2202 curn
362 2149 384 2202 is
400 2156 569 2218 moreretur,
591 2149 618 2202 in
639 2146 764 2220 adoptiva
785 2145 881 2201 familia
896 2146 959 2199 sint.
1002 2160 1063 2198 nani
1081 2146 1139 2198 vivo

168 2250 201 2288 eo
225 2233 381 2305 emancipati
402 2232 434 2286 ah
455 2232 581 2305 adoptivo
603 2239 679 2304 patre
696 2230 809 2304 perinde
824 2229 1005 2285 admittuntur
1019 2228 1052 2282 ad
1068 2227 1140 2284 hona

167 2317 296 2373 naturalis
317 2319 415 2389 patris,
437 2333 467 2372 ae
487 2319 510 2371 si
531 2317 689 2388 emancipati
709 2315 741 2370 ab
762 2316 821 2388 ipso
838 2321 930 2369 esseut
945 2329 996 2368 nec
1012 2329 1139 2386 tamquam

167 2404 195 2456 in
211 2401 333 2472 adoptiva
349 2401 447 2455 familia
463 2401 591 2455 luissent:
614 2409 640 2454 et
656 2401 863 2469 convenienter,
885 2397 958 2471 quod
979 2397 1011 2452 ad
1034 2397 1139 2469 adopti-

168 2501 229 2539 vum
250 2494 354 2556 patroni
375 2486 509 2556 pertinet,
531 2491 719 2539 extraneorum
740 2483 801 2539 loco
817 2499 878 2538 esse
893 2483 1034 2554 incipiunt.
1075 2491 1140 2554 post

167 2577 282 2624 mortem
303 2583 367 2623 vero
390 2568 518 2623 naturalis
539 2569 622 2640 patris
637 2569 796 2641 ernancipati
811 2567 842 2622 ab
863 2566 990 2640 adoptivo
1006 2575 1034 2620 et
1055 2581 1140 2638 quau-

166 2662 225 2708 tum
246 2653 279 2707 ad
301 2653 373 2708 hunc
393 2669 478 2726 aeque
499 2662 687 2708 extraneorum
713 2653 774 2708 loco
796 2649 864 2708 litant
884 2659 926 2721 et,
955 2659 1085 2723 quantum
1105 2649 1139 2704 ad

168 2737 296 2794 naturalis
317 2739 436 2810 parentis
458 2737 527 2792 bona
547 2739 680 2810 pertinet,
701 2737 886 2810 nihilomagis
907 2734 1055 2790 liberorum
1077 2745 1139 2808 gra*

167 2823 231 2877 dum
252 2823 457 2877 nanciscuntur:
480 2822 553 2894 quod
573 2821 635 2877 ideo
657 2823 696 2877 sic
716 2821 832 2895 placuit,
854 2821 915 2894 quia
930 2821 1052 2892 iniquum
1069 2827 1138 2888 erat,

144 2915 147 2921 “
168 2923 227 2962 esse
242 2909 269 2961 in
285 2913 420 2978 potestate
435 2908 518 2979 patris
534 2906 666 2979 adoptivi,
688 2906 719 2960 ad
736 2923 804 2979 quos
820 2906 891 2961 hona
906 2904 1036 2958 naturalis
1052 2904 1137 2976 patris

118 2989 147 3036 11
167 2991 350 3063 pertinerent,
378 2998 469 3046 utrum
490 2991 522 3046 ad
544 2990 644 3046 liberos
666 2992 723 3046 eius
745 3007 776 3044 an
803 2991 835 3045 ad
861 2989 1003 3062 adgnatos.
1050 2987 1138 3043 llinus

92 3112 95 3118 -
167 3091 233 3148 ergo
249 3075 315 3129 iuris
332 3073 430 3130 habent
446 3075 563 3148 adoptivi
579 3067 643 3129 lilii¹
662 3091 741 3146 quam
757 3074 902 3130 naturales.
932 3089 1048 3146 namque
1060 3079 1140 3126 natu·

166 3159 236 3215 rales
253 3161 410 3232 emancipati
424 3159 554 3216 beneficio
570 3161 702 3232 praetoris
718 3159 830 3233 gradum
846 3157 992 3213 liberorum
1008 3159 1139 3226 retinent,

166 3243 229 3299 licet
243 3245 302 3299 iure
318 3241 387 3298 civili
408 3245 539 3317 perdunt:
561 3243 678 3317 adoptivi
694 3259 758 3298 vero
774 3243 931 3314 emancipati
948 3249 975 3296 et
993 3243 1050 3296 iure
1065 3239 1138 3294 civili

166 3373 370 3382 ..n——

236 3439 254 3502 ¹)
273 3443 353 3506 aliqui
364 3441 525 3502 coddt‘user.
545 3438 650 3498 παῖδες
667 3440 776 3504 Theoph.
797 3439 849 3489 filii
868 3455 915 3490 otta.
926 3441 1044 3503 plerique
1056 3437 1137 3487 codd.

166 3509 226 3555 edd.
246 3507 319 3557 Solva.
339 3515 363 3558 et
381 3509 432 3559 Kr.
