2484 3916
190 195 231 260 76
296 209 401 254 aursus
419 208 507 244 rsoors
525 207 713 244 rssruurs
729 205 933 244 insnum
950 192 990 254 11,
1012 193 1053 242 1⁷.

189 355 306 411 existere
319 343 464 426 potuerit.¹
479 349 598 424 ‘oleoque
612 352 636 406 si
656 353 718 423 quis
732 359 780 405 aut
792 349 914 406 uoluerit
928 349 1012 404 heres
1026 363 1110 417 esse,
1126 356 1173 402 aut

189 440 250 494 riso
270 443 404 492 testatme
423 443 471 491 aut
489 443 691 508 postmortem
717 437 792 504 eius,
815 441 961 508 autequam
985 431 1172 488 hereditatem

189 522 287 592 adiret,
302 520 461 590 messuit,
476 526 523 575 aut
536 519 707 590 condidere,
721 518 773 574 snb
789 535 843 592 qua
856 517 936 574 bees
951 518 1103 572 institutus
1118 525 1172 588 est,

190 605 313 662 delectus
333 605 385 675 sit,
405 606 434 660 iu
456 605 497 662 tm
518 602 626 661 casibus
645 603 837 677 paterfamilias
864 604 1015 660 intestatus
1036 603 1171 656 moritur:

189 707 251 748 uam
265 695 294 746 et
308 691 384 764 prius
399 696 592 744 testamentum
607 704 664 743 uon
677 688 765 758 valet,
786 695 900 761 ruptum
919 686 1129 760 aposten'ore‚
1145 693 1171 740 et

190 775 328 850 posterius
343 789 429 870 aeque
444 773 532 830 nullas
547 773 619 828 vires
633 771 731 843 habet,
751 789 812 827 urm
828 787 861 826 ex
875 787 909 826 eo
924 785 1007 826 nemo
1022 771 1110 825 ireres
1125 785 1170 824 ex·

157 861 173 909 3
190 860 287 916 titeit.
316 856 371 914 Sed
385 859 410 914 si
425 859 497 930 qun,
512 858 605 930 priore
618 815 805 912 ιωιειιιὲιιιο
796 871 858 912 rnre
872 853 1011 930 perfeeto,
1025 855 1171 928 posterius

190 959 276 1018 aeque
290 945 350 998 iure
364 941 471 1013 lecerit,
486 942 591 996 etiamsi
605 957 638 996 ex
652 943 734 996 certis
748 939 856 996 rebus'
847 956 877 994 ιιι
891 955 926 994 eo
940 937 1076 995 heredem
1092 939 1170 994 insti·

191 1029 290 1098 tuerit,
310 1026 465 1099 superius
456 1031 649 1082 testamentum
668 1013 806 1080 sublatum
826 1040 888 1080 esse
914 1023 970 1078 divi
996 1022 1121 1078 Severus
1143 1031 1170 1077 et

189 1111 345 1168 Antoninus
359 1111 569 1183 rescripserunt.
600 1109 676 1164 cuius
692 1109 898 1164 constitutionis
911 1109 999 1162 inseri
1012 1107 1122 1162 verlsa‘
1114 1123 1169 1162 rus·

190 1195 291 1264 simus,
306 1209 368 1250 cum
383 1193 455 1249 aliud
470 1209 580 1268 quoque
594 1194 757 1266 praeterea
748 1209 776 1248 sn
791 1210 823 1248 ea
837 1193 1041 1248 constitutione
1056 1207 1169 1265 expres-

190 1294 251 1334 sum
266 1286 318 1334 est.
346 1276 541 1352 ‘imperatores
550 1277 665 1334 Severm
681 1285 709 1332 et
719 1278 874 1333 Antoninus
885 1275 1001 1332 Goeoeio
1017 1274 1165 1349 Campano.

190 1361 393 1418 Testamentum
408 1361 530 1418 seeundo
545 1361 607 1417 loeo
619 1360 736 1431 laetum,
750 1361 814 1417 ieet
828 1363 857 1416 iu
868 1377 903 1416 eo
917 1368 1058 1416 certarum
1074 1376 1165 1416 rerum

190 1447 270 1504 heres
295 1447 414 1520 scriptus
434 1448 487 1518 sit,
512 1447 573 1501 iure
592 1444 697 1516 valere,
718 1445 830 1518 perinde
850 1462 882 1501 ae
901 1447 925 1500 si
944 1461 1041 1500 rerum
1062 1446 1164 1500 mentio

190 1530 261 1588 laeta
280 1547 336 1588 non
355 1537 445 1602 esset,
465 1529 514 1586 sed
534 1531 621 1586 teneri
636 1529 763 1586 heredem
777 1531 925 1602 seriptum,
948 1537 995 1600 ut,
1016 1537 1163 1584 contentus

190 1614 272 1672 rebus
292 1613 344 1670 sibi
359 1615 444 1686 datis,
465 1622 511 1670 aut
526 1614 651 1687 suppleta
666 1621 762 1685 quarta
776 1630 810 1668 ex
824 1613 887 1687 lege
901 1612 1036 1684 Falcidia,
1059 1613 1163 1668 heredi·

190 1707 274 1755 tatem
293 1699 420 1754 restituat
440 1699 498 1768 his,
520 1699 566 1770 qui
586 1697 614 1751 iu
634 1697 726 1769 priore
746 1705 912 1754 testamento
932 1699 1029 1772 scripti
1044 1697 1163 1768 inerant,

189 1789 304 1854 propter
318 1783 420 1836 inserta
439 1780 519 1836 verba
539 1775 659 1836 secundo
674 1789 854 1853 tutamento,
874 1781 991 1856 quilius,
1012 1791 1046 1837 ut
1059 1782 1162 1837 valeret

188 1865 265 1938 prius
280 1871 491 1934 testamentum,
512 1880 670 1938 expressum
685 1872 743 1936 est,
764 1865 881 1922 dubitari
896 1883 953 1923 uon
969 1866 1105 1942 oportet'
1135 1873 1162 1922 et

155 1955 173 2006 4
189 1955 300 2022 ruptum
316 1947 426 2022 quidem
445 1955 638 2006 testamentum
659 1950 713 2006 hoe
732 1949 814 2006 modo
835 1949 964 2007 efficitur.
991 1943 1160 2024 12Αιιοιιιιο-

190 2049 244 2106 que
259 2032 340 2090 modo
356 2040 517 2088 testamenta
531 2035 590 2089 iure
604 2033 673 2090 laeta
686 2032 866 2107 infirmantur,
881 2036 967 2092 veluti
982 2052 1044 2092 eum
1060 2037 1100 2107 is,
1116 2036 1160 2108 qui

189 2117 286 2174 lecerit
301 2124 504 2188 testamentum,
519 2119 607 2191 eapite
622 2117 776 2174 deminutus
791 2121 836 2175 sit.
868 2119 942 2193 quod
958 2119 1058 2194 quibus
1073 2119 1161 2176 modis

155 2216 172 2266 5
190 2201 302 2274 accidit,
322 2203 408 2276 primo
429 2201 499 2258 libro
521 2202 687 2258 rettulimus.
723 2202 782 2258 lloo
803 2211 894 2260 autern
919 2220 985 2260 casu
1005 2205 1084 2260 irrita
1105 2203 1160 2259 lieri

189 2293 352 2342 testamenta
371 2285 513 2356 dleuutur‚
535 2302 595 2342 euru
616 2285 736 2360 alioquin
757 2294 785 2342 et
805 2303 874 2362 quae
889 2296 1067 2363 rumpantur,
1087 2290 1161 2344 irrita

189 2367 275 2439 liunt
297 2377 325 2424 et
346 2385 415 2441 quae
436 2369 527 2424 statim
549 2368 581 2424 ab
596 2369 673 2425 initio
694 2370 924 2444 nouiurefiunt,
944 2375 1118 2430 irritasunt
1133 2381 1162 2428 et

189 2467 230 2522 ea,
247 2468 315 2524 quae
330 2453 390 2508 iure
404 2452 474 2509 laeta
488 2460 569 2523 sunt,
590 2461 687 2526 postea
701 2463 815 2553 propter
835 2416 930 2531 eapitis
945 2457 1161 2514 deminutionem

189 2534 370 2607 irritasunt
392 2552 538 2610 possumus
565 2537 650 2594 nihilo
676 2540 764 2595 miuus
789 2549 871 2615 rupta
890 2541 1080 2598 diceresed
1101 2544 1162 2616 quia

189 2635 252 2676 saue
268 2620 434 2678 commodius
456 2629 515 2678 erat
540 2622 661 2697 singulas
682 2641 775 2680 causas
795 2625 912 2700 singulis
932 2626 1161 2700 appellationibus

188 2703 329 2780 distingui,
345 2705 406 2763 ideo
423 2705 553 2781 quaedam
567 2723 623 2763 uon
637 2709 696 2764 iure
711 2708 781 2766 laeta
795 2709 938 2782 dicuutur,
955 2710 1112 2784 quaedam
1104 2727 1162 2768 rure

137 2788 270 2866 a(5)laeta
284 2792 372 2864 rumpi
387 2791 430 2847 vel
445 2792 522 2848 irrita
536 2789 603 2848 fieri.
624 2791 684 2848 Nou
700 2799 790 2850 umen
806 2811 856 2868 per
871 2797 960 2854 omnia
973 2795 1085 2851 inutilia
1100 2804 1163 2852 sunt

188 2888 219 2928 ea
233 2879 409 2946 testamenta,
432 2891 500 2950 quae
515 2875 547 2932 ab
561 2876 639 2932 initio
660 2878 719 2932 iure
739 2877 810 2934 laeta
829 2887 944 2953 propter
964 2881 1062 2953 eapitis
1078 2881 1161 2938 derui-

187 2958 327 3016 nutionem
342 2960 418 3016 irrita
432 2960 502 3018 laeta
522 2967 598 3017 suut.
633 2953 738 3017 namsi
757 2971 862 3038 septem
883 2965 997 3022 testium
1017 2966 1106 3039 signis
1126 2969 1161 3022 si·

188 3048 270 3114 gnata
285 3050 366 3114 suut,
382 3051 476 3119 potest
489 3047 607 3120 scriptus
623 3046 702 3102 heres
717 3047 867 3104 seeundum
882 3049 987 3108 tabulas
1003 3053 1161 3108 testamenti

186 3121 320 3183 bonorum
341 3133 541 3202 possessionem
561 3147 726 3205 agnoscere,
748 3132 868 3190 simodo
889 3134 1036 3190 delunotus
1053 3137 1162 3192 ateiris

186 3205 321 3268 Romanus
336 3221 364 3268 et
378 3232 443 3272 suae
457 3217 602 3291 potestatis
618 3218 714 3273 mortis
729 3224 852 3292 tempore
868 3218 965 3276 luerit:
981 3234 1044 3274 uam
1059 3221 1084 3274 si
1099 3219 1160 3276 ideo

254 3406 273 3472 ¹)
289 3410 349 3473 fere
366 3433 400 3454 ι-
417 3415 450 3464 L
470 3416 512 3468 29
531 3413 685 3464 madre
707 3415 816 3466 Trebeli.
845 3416 901 3481 (36,
922 3417 1002 3482 ηοω
1027 3419 1161 3470 Marcioni

187 3475 202 3526 l.
221 3477 334 3532 4t'mtt't.
404 3480 425 3544 ²)
444 3483 484 3543 ἐξ
503 3485 547 3532 4.
556 3482 713 3544 .-5sere
679 3513 713 3524 -
733 3484 790 3534 Gai
809 3486 1008 3543 2,145...1tt.
