2484 3916
194 221 237 285 30
283 238 319 272 nn
339 235 541 272 sarranarronn
562 237 695 274 anroenn
713 237 768 273 vnn
788 222 1058 287 ennaronnu1,24.

192 395 243 435 nec
259 388 348 434 tamen
371 377 559 434 fraudulenter
578 379 893 453 negotiaadministrat,
914 377 985 434 solet
1000 379 1025 432 ei
1045 384 1158 433 curator

189 463 309 537 adiungi.
346 464 411 518 item
431 465 459 518 in
479 463 570 518 locum
585 471 723 536 tutorum,
745 465 791 537 qui
805 479 861 518 non
876 464 903 518 in
918 469 1090 536 perpetuum,
1105 462 1157 516 sed

189 547 222 603 ad
239 555 344 621 tempus
360 565 374 602 a
389 547 475 604 tutela
490 555 668 619 excusantur,
684 548 775 603 solent
789 554 928 604 curatores
944 546 1010 601 dari.

155 631 171 679 6
252 631 356 698 Quodsi
370 639 448 688 tutor
463 631 574 688 adversa
595 631 747 688 valetudine
767 631 809 687 vel
831 632 880 687 alia
895 632 1054 687 necessitate
1069 632 1157 703 impe·

189 716 272 788 ditur,
289 733 343 790 quo
358 718 447 772 minus
462 717 573 790 negotia
592 717 689 790 pupilli
703 715 889 772 administrare
908 717 1006 790 possit,
1022 721 1050 770 et
1064 716 1156 788 pupil-

188 799 231 856 lus
248 800 288 856 vel
304 800 373 857 absit
387 800 431 857 vel
445 799 532 856 inians
549 802 595 872 sit,
612 817 693 875 quem
707 800 782 872 velit,
798 807 916 856 actorem
931 799 1052 873 periculo
1067 800 1155 871 ipsius

187 893 297 959 praetor
312 885 354 942 vel
370 886 416 959 qui
430 886 584 958 provinciae
598 887 726 959 praeerit,
742 884 852 941 decreto
868 885 1026 942 constituet.

595 1181 652 1223 TIT.
664 1181 750 1224 XXIV.

230 1318 280 1368 nn
300 1317 567 1370 sarrsnarronn
585 1307 766 1371 auronum
783 1319 856 1370 vnn
875 1318 1112 1372 cunanoann.

136 1486 171 1526 1³1.
256 1468 312 1532 ¹Ne
328 1485 416 1532 tamen
432 1475 598 1550 pupillorum
613 1475 809 1550 pupillarumve
824 1483 851 1531 et
866 1491 975 1548 eornm,
992 1465 1038 1551 qui
1054 1491 1156 1548 quaeve

186 1562 214 1616 in
229 1562 368 1616 curatione
383 1569 458 1632 sunt,
473 1563 584 1634 negotia
599 1577 613 1615 a
630 1559 764 1616 tutoribus
776 1559 978 1616 curatoribusve
995 1575 1155 1615 consuman-

187 1651 232 1699 tur
247 1645 289 1700 vel
305 1644 509 1714 deminuuntur,
525 1653 602 1700 curat
617 1653 742 1717 praetor,
762 1653 793 1699 ut
808 1655 836 1700 et
850 1653 956 1700 tutores
972 1652 999 1700 et
1014 1652 1154 1700 curatores

187 1743 220 1783 eo
235 1729 344 1782 nomine
359 1727 500 1783 satisdent.
527 1728 576 1784 sed
591 1728 643 1784 hoc
657 1744 713 1782 non
728 1736 770 1784 est
779 1737 955 1804 perpetuum:
971 1743 1032 1784 nam
1048 1736 1154 1784 tutores

187 1818 349 1866 testamento
370 1809 424 1865 dati
444 1811 574 1867 satisdare
595 1828 650 1867 non
671 1821 823 1885 coguntur,
846 1815 909 1886 quia
929 1810 996 1868 fides
1016 1829 1111 1868 eorum
1127 1823 1155 1868 et

187 1893 326 1967 diligentia
342 1892 373 1949 ab
393 1896 453 1968 ipso
477 1902 607 1951 testatore
628 1894 741 1969 probata
762 1905 817 1952 est:
838 1898 904 1952 item
923 1914 956 1953 ex
976 1897 1153 1970 inquisitione
1178 1885 1181 1893 ¹

187 1985 293 2034 tutores
318 1978 362 2034 vel
383 1987 521 2036 curatores
547 1979 601 2035 dati
628 1979 803 2037 satisdatione
825 1997 882 2036 non
902 1989 1065 2052 onerantur,
1092 1983 1155 2054 quia

154 2071 167 2116 1
186 2062 277 2118 idonei
292 2062 371 2119 electi
381 2073 454 2120 sunt.
486 2063 539 2120 Sed
554 2072 581 2120 et
596 2065 619 2120 si
634 2081 666 2121 ex
678 2072 840 2122 testamento
856 2065 898 2121 vel
913 2067 1090 2139 inquisitione
1099 2065 1153 2120 duo

185 2148 312 2222 pluresve
327 2148 381 2205 dati
397 2149 512 2221 luerint,
533 2157 626 2223 potest
641 2165 711 2205 unus
728 2149 825 2206 offerre
847 2151 913 2205 satis
929 2149 962 2205 de
977 2149 1153 2206 indemnitate

184 2232 281 2305 pupilli
297 2233 339 2288 vel
355 2229 535 2290 adulescentis
559 2241 586 2288 et
601 2234 740 2289 contutori
760 2233 803 2290 vel
824 2235 996 2290 concuratori
1010 2234 1153 2308 praeferri,

186 2325 217 2370 ut
232 2315 307 2370 solus
323 2317 502 2389 administret,
518 2317 560 2372 vel
575 2325 606 2372 ut
618 2325 747 2372 oontntor
760 2319 827 2374 satis
843 2317 959 2374 offerens
970 2327 1153 2392 praeponatur

186 2401 210 2453 ei
225 2391 273 2454 et²
287 2400 345 2472 ipse
360 2399 436 2455 solus
452 2400 630 2456 administret.
661 2403 752 2476 itaque
766 2418 816 2475 per
830 2419 860 2458 se
880 2419 937 2458 non
950 2410 1043 2476 potest
1057 2411 1153 2477 petere
1185 2419 1187 2424 ·

186 2483 250 2538 satis
265 2497 280 2536 a
295 2491 440 2539 contutore
455 2483 497 2538 vel
510 2492 687 2540 concuratore
701 2501 763 2558 suo,
779 2486 828 2542 sed
840 2486 937 2542 offerre
949 2487 1040 2559 debet,
1056 2482 1088 2543 ut
1099 2487 1153 2544 ele·

186 2568 304 2622 ctionem
326 2567 372 2624 det
393 2570 532 2624 oontntori
548 2584 615 2640 suo,
637 2578 727 2626 utrum
742 2570 807 2626 velit
821 2573 887 2626 satis
903 2573 1022 2646 accipere
1038 2589 1071 2627 an
1088 2574 1153 2628 satis

186 2650 258 2707 dare.
290 2651 388 2726 quodsi
403 2669 481 2708 nemo
503 2669 597 2708 eorum
614 2655 679 2709 satis
695 2654 803 2726 offerat,
825 2657 848 2710 si
863 2656 971 2728 quidem
987 2656 1153 2730 adscriptum

185 2736 269 2792 luerit
283 2754 298 2792 a
312 2744 460 2809 testatore,
483 2739 543 2810 quis
565 2746 656 2812 gerat,
677 2739 723 2794 ille
744 2755 841 2814 gerere
864 2739 958 2796 debet:
978 2741 1079 2814 quodsi
1095 2757 1151 2798 non

185 2821 268 2876 inerit
283 2821 457 2896 adscriptum,
470 2839 551 2897 quem
565 2823 651 2879 maior
661 2839 723 2897 pars
739 2823 863 2898 elegerit,
879 2825 937 2899 ipse
948 2841 1045 2899 gerere
1061 2825 1153 2896 debet,

186 2913 216 2960 ut
231 2904 319 2962 edicto
334 2907 468 2980 praetoris
480 2914 598 2963 cavetur.
625 2908 769 2963 sinautem
784 2909 836 2982 ipsi
852 2916 957 2964 tutores
973 2909 1154 2966 dissenserint

184 2989 255 3044 oiroa
270 2989 425 3064 eligendum
440 3009 502 3048 eum
517 2991 559 3047 vel
575 3007 638 3063 eos,
663 2993 708 3066 qni
724 3009 821 3066 gerere
836 2991 951 3064 debent,
966 3001 1078 3067 praetor
1092 3011 1153 3068 par-

183 3081 225 3128 tes
241 3089 303 3129 suas
319 3075 493 3149 interponere
504 3075 593 3132 debet.
625 3075 695 3132 idern
707 3085 734 3133 et
749 3077 776 3133 in
791 3075 914 3150 pluribus
927 3093 959 3134 eu
973 3079 1153 3151 inquisitione

184 3157 252 3212 datis
267 3157 436 3232 probandum
452 3170 509 3234 est,
530 3161 557 3216 id
579 3169 621 3216 est
636 3169 667 3216 ut
682 3162 767 3217 maior
780 3177 842 3235 pars
859 3161 961 3236 eligere
976 3164 1080 3236 possit,
1102 3179 1152 3236 per

183 3259 264 3316 quem
279 3243 474 3302 administratio
489 3245 576 3302 fieret.

250 3509 270 3574 ¹)
286 3511 345 3574 fere
357 3533 390 3553 =
404 3513 460 3564 Gai.
480 3516 501 3576 1,
522 3515 578 3565 199.
598 3515 657 3566 200.
692 3511 714 3580 ²)
737 3513 764 3574 T,
784 3513 825 3566 ed.
839 3511 912 3562 Scir.
931 3515 962 3560 nt
980 3510 1017 3570 B,
1036 3512 1078 3561 ed.
1093 3511 1148 3561 Kr.
