2484 3916
387 234 423 269 na
442 233 650 270 unorrronrnua
669 218 750 286 1,11.
1014 217 1051 280 17

86 385 204 452 ptamus.
242 375 358 448 Adoptio
374 382 465 430 autem
486 373 593 430 duobus
613 374 700 430 modis
722 372 768 446 lit,
790 382 836 430 aut
855 375 996 448 principali
1011 391 1054 431 re·
1072 383 1086 433 1

87 463 189 534 scripto
206 468 252 516 aut
272 461 385 534 imperio
407 459 590 533 magistratus.
628 460 798 532 imperatoris
813 461 974 516 auctoritate
989 459 1054 515 ado·

87 555 192 620 ptumus
220 559 268 600 eos
294 559 386 615 easve,
412 545 458 616 qui
480 560 581 617 quaeve
607 545 649 599 sui
669 544 734 598 iuris
755 551 828 598 sunt.
860 561 927 618 quae
949 545 1053 618 species

88 630 243 703 adoptionis
264 629 363 685 dicitur
385 627 536 704 adrogatio.
567 629 679 701 imperio
700 629 873 702 magistratus
893 628 1053 702 adoptamus

88 729 246 787 eos-easve„
262 714 309 786 qui
324 728 426 786 quaeve
446 715 474 768 in
494 711 632 788 potestate
651 713 803 785 parentium
823 720 903 784 sunt,
925 715 980 768 sive
999 715 1054 786 pri·

88 815 160 854 mum
177 797 290 872 gradum
305 796 452 860 liberorum
468 798 624 872 optineant,
645 795 732 870 qualis
753 803 796 852 est
820 794 891 852 iilius
908 795 977 867 lilia,
997 799 1054 855 sive

89 881 262 955 inferiorem,
278 881 364 956 qualis
380 889 423 938 est
438 899 523 955 nepos
539 873 650 956 neptis,
659 895 797 954 pronepos
812 882 964 956 proneptis.
1001 883 1054 938 Sed
1072 884 1087 931 2

91 966 172 1022 hodie
187 983 220 1024 en
235 975 329 1024 nostra
344 960 576 1037 constitutione,¹
598 981 658 1021 oum
680 964 865 1022 filiusfamilias
887 973 993 1040 epatre
1008 983 1055 1022 na·

88 1051 170 1107 turali
185 1060 327 1108 extraneae
341 1067 475 1124 personae
493 1052 522 1106 iu
538 1049 710 1124 adoptionem
726 1050 820 1122 datur,
836 1052 894 1106 iura
910 1052 1054 1124 potestatis

89 1136 218 1192 naturalis
232 1137 316 1210 patris
331 1135 440 1191 minime
461 1134 647 1190 dissolvuntur
666 1151 717 1191 neo
736 1134 881 1208 quidquam
903 1134 935 1190 ad
950 1143 1053 1209 patrem

88 1220 245 1294 adoptivum
265 1221 364 1276 transit
384 1235 434 1276 nec
454 1221 482 1275 in
496 1227 632 1294 potestate
648 1221 706 1275 eius
722 1227 778 1292 est,
799 1219 863 1276 licet
879 1219 911 1276 ab
925 1221 1054 1276 intestato

88 1305 146 1360 iura
167 1305 348 1360 successionis
370 1305 395 1360 ei
409 1319 424 1358 a
439 1303 518 1361 nobis
533 1303 635 1360 tributa
655 1312 728 1360 suut.
766 1305 790 1359 si
804 1321 868 1360 vero
884 1311 962 1378 pater
977 1311 1054 1360 natu·

88 1389 150 1444 ralis
166 1406 224 1445 non
239 1397 383 1460 extraneo,
404 1388 452 1444 sed
468 1405 517 1444 avo
532 1387 579 1444 tilii
594 1390 636 1444 sui
651 1395 790 1458 materno,
810 1388 853 1443 vel
868 1390 891 1443 si
905 1390 964 1462 ipse
979 1397 1056 1461 pater

88 1473 219 1530 naturalis
234 1473 317 1530 luerit
331 1474 530 1547 emancipatus,
552 1473 631 1529 etiam
650 1479 780 1548 paterno,
802 1471 845 1528 vel
859 1489 960 1545 proavo
976 1473 1056 1530 simili

88 1557 171 1614 modo
186 1565 299 1632 paterno
314 1557 357 1614 vel
373 1565 494 1613 materno
510 1555 595 1613 filium
610 1573 688 1612 suum
705 1555 810 1612 dederit
823 1557 852 1610 in
868 1556 1054 1630 adoptionem:

88 1644 116 1697 in
132 1643 185 1698 hoc
201 1659 265 1698 casu
280 1643 343 1716 quia
361 1643 389 1697 in
404 1658 483 1698 unam
497 1657 641 1716 personam
662 1649 828 1698 concurrunt
843 1649 871 1697 et
882 1641 1013 1697 naturalia
1029 1649 1057 1698 et

88 1726 244 1800 adoptionis
259 1727 332 1798 iura,
358 1733 449 1782 manet
469 1725 565 1782 stabile
579 1727 622 1782 ius
637 1727 721 1800 patris
737 1725 871 1800 adoptivi,
898 1733 926 1782 et
941 1727 1056 1782 naturali

10 1817 11 1822 ’
88 1811 198 1867 vinculo
215 1810 371 1885 copulatum
396 1819 424 1867 et
450 1810 572 1886 legitimo
595 1809 748 1884 adoptionis
769 1811 850 1867 modo
866 1813 1054 1882 constrictum,

10 1959 12 1962 ¹
88 1905 121 1951 ut
135 1904 164 1954 et
185 1897 214 1950 in
229 1895 327 1951 iamilia
343 1903 370 1950 et
390 1896 418 1950 iu
439 1903 575 1968 potestate
595 1895 749 1951 huiusmodi
770 1897 855 1968 patris
877 1895 994 1969 adoptivi
1009 1897 1053 1952 sit.

88 1980 156 2035 Cum
173 1987 262 2036 autem
271 1978 393 2054 impubes
409 1996 458 2053 per
472 1979 619 2054 principale
631 1980 792 2054 rescriptum
803 1979 961 2053 adrogatur,
977 1998 1056 2036 causa
1074 1992 1089 2039 3

88 2066 202 2139 cognita
217 2063 358 2138 adrogatio
372 2065 539 2138 permittitur
553 2071 581 2120 et
601 2064 752 2136 exquiritur
767 2079 845 2118 causa
860 2063 1055 2138 adrogatiouis,

89 2167 124 2204 an
139 2149 256 2204 honesta
270 2149 306 2204 sit
321 2148 498 2222 expediatque
519 2143 639 2221 pupillo,
660 2155 688 2202 et
709 2163 769 2202 cum
791 2146 949 2220 quibusdam
965 2146 1057 2202 condi·

10 2269 11 2274 κ
89 2232 216 2289 cionibus
239 2232 381 2306 adrogatio
403 2231 450 2304 lit,
475 2232 561 2288 idest
583 2239 613 2287 ut
638 2238 729 2287 caveat
754 2230 902 2306 adrogator
922 2247 1057 2305 personae

88 2317 230 2392 publicae,
251 2317 304 2373 hoe
325 2325 367 2372 est
387 2316 535 2390 tabulario,
558 2317 581 2372 si
595 2318 666 2372 iutra
680 2314 850 2390 pubertatem
871 2317 990 2390 pupillus
1011 2316 1058 2373 de·

87 2403 220 2473 cesserit,
241 2402 432 2456 restituturum
447 2418 477 2457 se
496 2401 568 2458 bona
581 2399 650 2472 illis,
671 2401 733 2474 qui,
754 2402 777 2456 si
792 2399 902 2475 adoptio
918 2401 987 2458 lacta
1002 2419 1058 2458 non

87 2493 181 2556 esset,
208 2487 241 2542 ad
266 2487 466 2542 successionem
493 2487 551 2542 eius
576 2487 683 2542 venturi
709 2493 810 2542 essent.
841 2487 906 2542 item
921 2503 976 2543 non
994 2487 1057 2542 alias

88 2571 261 2643 emancipare
286 2587 334 2626 eos
359 2578 451 2643 potest
476 2569 638 2644 adrogatur,
664 2571 717 2626 nisi
742 2587 822 2626 eausa
847 2573 957 2644 cognita
982 2570 1058 2644 digni

88 2655 316 2728 emancipatione
330 2653 433 2710 luerint
459 2662 486 2710 et
502 2663 567 2711 tune
591 2671 640 2710 sua
655 2653 725 2710 bona
740 2656 778 2710 eis
793 2654 898 2710 reddat.
930 2653 977 2709 sed
993 2664 1020 2710 et
1035 2657 1059 2710 si

88 2737 227 2795 decedens
250 2745 327 2812 pater
348 2755 410 2794 eum
430 2739 633 2796 exheredaverit
654 2739 697 2796 vel
717 2741 792 2795 vivus
814 2740 873 2794 sine
892 2740 963 2794 iusta
978 2755 1058 2794 causa

88 2840 155 2879 eum
177 2825 401 2897 emancipaverit,
423 2822 530 2880 iubetur
552 2831 673 2898 quartam
689 2832 793 2898 partam
809 2824 834 2880 ei
847 2840 961 2880 suorum
972 2821 1058 2880 hono·

88 2923 153 2963 rum
167 2907 338 2982 relinquere,
359 2907 484 2964 videlicet
498 2917 606 2982 praeter
626 2907 711 2980 hona,
733 2925 802 2982 quae
822 2907 854 2964 ad
875 2916 979 2982 patrem
995 2909 1059 2966 ado·

89 2993 198 3064 ptivum
213 2993 353 3050 transtulit
374 3001 401 3050 et
422 3010 539 3066 quorum
560 2993 732 3050 commodum
753 2995 778 3048 ei
794 2992 938 3066 adquisivit
952 3002 1057 3067 postea.

88 3075 223 3132 Minorem
244 3086 309 3133 natu
329 3093 384 3134 non
404 3093 486 3151 posse
512 3079 639 3134 maiorem
665 3077 794 3151 adoptare
819 3077 921 3152 placet:
949 3077 1058 3152 adoptio
1077 3088 1101 3140 4,

89 3162 165 3216 enim
180 3170 303 3218 naturam
318 3163 439 3219 imitatur
454 3169 482 3217 et
497 3179 546 3235 pro
563 3169 686 3218 monstro
703 3170 759 3235 est,
781 3171 812 3218 ut
832 3164 917 3218 maior
937 3164 973 3217 sit
988 3161 1058 3218 iilius
1158 3212 1166 3216 .

90 3261 174 3317 quam
194 3254 281 3320 pater.
303 3245 489 3322 debetitaque
514 3248 554 3320 is,
582 3248 628 3321 qui
649 3246 698 3304 sibi
719 3265 769 3321 per
789 3247 994 3322 adrogationem
1017 3245 1060 3302 vel

146 3512 184 3578 ,1)
203 3479 253 3564 de
271 3515 303 3564 n.
324 3515 366 3563 ιο.
384 3513 412 3564 o.
432 3515 464 3563 oe
482 3516 571 3579 adopt.
591 3511 627 3580 (s,
646 3515 678 3564 tv
697 3517 731 3566 ar.
750 3509 803 3578 aa).

129 3611 291 3648 rvaurnrunr
312 3613 542 3651 rusrrrvurouae.
889 3597 906 3651 2
