2464 3916
180 169 240 235 186
447 187 482 222 na
502 184 757 222 sarrsnuaroaraos
776 171 822 232 IV,
844 173 883 221 11.
921 141 923 147 Ι
947 135 951 142 ’

606 355 663 394 arr.
677 355 718 395 x1.

456 459 505 508 itu
526 456 865 509 SATISDATIONIBUS.

124 599 160 638 rr.
242 580 452 638 Satisdationum
468 579 564 636 modus
580 580 647 636 atius
664 581 818 654 antiquitati
838 579 954 654 placuit,
976 579 1061 636 alium
1075 582 1142 636 novi-

177 673 217 722 tas
232 681 281 739 per
296 682 376 722 usum
391 665 511 738 amplexa
526 673 578 720 est.

242 743 329 806 ¹01in
344 751 415 806 enim
437 750 459 805 si
480 751 507 804 in
522 765 580 806 rem
596 746 743 823 agebatur,
764 749 895 806 satisdare
916 765 1065 822 possessor
1079 765 1144 805 com·

176 833 343 909 pellebatur,
370 841 415 906 nt,
441 835 465 888 si
491 835 579 890 victus
605 850 655 889 nec
670 850 726 889 rem
752 834 838 907 ipsam
852 835 1013 890 restitueret
1029 833 1143 890 nectitis

176 919 406 989 aestimationem,
432 925 554 991 potestas
581 924 654 974 esset
668 919 779 991 petitori
805 925 851 974 aut
865 935 926 974 corn
942 935 975 974 eo
992 917 1092 992 agendi
1106 925 1145 973 aut

176 1019 238 1060 cum
253 1001 457 1060 fideiussoribus
473 1003 541 1058 eius.
581 1019 649 1076 quae
670 1001 809 1058 satisdatio
829 997 1038 1076 appellabatur²
1053 1002 1145 1057 iudica·

177 1095 233 1144 tum
249 1087 332 1143 solvi:
350 1087 420 1144 unde
435 1095 525 1142 autem
539 1088 578 1142 sic
593 1079 808 1160 ερρεεΙΙεΙκιιιιν,2
823 1087 901 1142 tacite
917 1093 959 1142 est
974 1087 1145 1160 intellegeret

176 1188 290 1245 namque
306 1162 510 1245 stipulabatur³
525 1171 600 1244 quis,
618 1177 648 1226 ut
664 1170 818 1226 solveretur
833 1169 900 1240 sibi,
922 1171 997 1244 quod
1014 1170 1097 1226 suerit
1110 1172 1145 1225 iu-

177 1249 324 1311 dicatum.⁴
354 1256 440 1312 multo
461 1257 547 1329 magis
564 1257 602 1325 is,
624 1256 713 1328 quiin
734 1271 791 1312 rem
806 1256 912 1311 actione
928 1254 1145 1324 conveniebatur,

177 1339 308 1395 satisdare
323 1339 488 1414 cogebatur,
503 1341 526 1394 si
542 1339 629 1396 alieno
646 1341 754 1394 nomine
769 1339 898 1396 iudicium
913 1339 1071 1412 accipiebat.
1093 1341 1145 1412 ipsc

177 1433 283 1493 autern,
304 1426 350 1507 qui
371 1426 398 1480 in
419 1441 477 1480 rem
492 1423 605 1498 agebat,
627 1426 649 1480 si
670 1441 722 1480 suo
743 1425 853 1480 nomine
873 1423 998 1498 petebat,
1023 1423 1145 1479 satisdare

176 1525 232 1565 non
247 1508 405 1583 cogebatur.
442 1516 604 1583 procurator
624 1525 687 1564 vero
713 1510 736 1563 si
756 1509 784 1563 in
804 1525 861 1564 rem
882 1507 994 1582 agebat,
1021 1507 1145 1564 satisdare

175 1593 319 1649 iubebatur
343 1601 426 1650 ratam
452 1611 510 1650 rem
535 1593 675 1650 dominum
701 1591 867 1648 habiturum:
899 1593 1054 1666 periculum
1079 1593 1143 1648 enim

177 1671 249 1748 erat,
273 1695 307 1734 ne
322 1679 422 1734 iterum
443 1677 568 1734 dominus
590 1677 623 1732 de
643 1677 736 1733 eadem
757 1693 787 1732 re
807 1677 968 1750 experiatur.
999 1683 1108 1733 tutores
1122 1682 1145 1730 et

176 1768 316 1816 curatores
332 1761 427 1816 eodem
443 1761 540 1830 modo,
557 1779 611 1834 quo
627 1769 655 1816 et
669 1769 877 1834 procuratores,
893 1761 1026 1817 satisdare
1042 1760 1143 1830 debere,

176 1842 256 1898 verba
271 1843 351 1899 edicti
367 1844 509 1900 iaciebant.
548 1845 596 1900 sed
612 1845 756 1918 aliquando
780 1846 821 1902 bis
842 1844 985 1919 agentibus
1008 1845 1143 1902 satisdatio
1207 1879 1208 1884 κ

143 1944 157 1990 1
176 1926 371 1984 remittebatur.
410 1928 480 1984 Haec
500 1930 537 1984 ita
557 1936 648 2000 erant,
669 1931 692 1984 si
712 1931 740 1984 in
761 1947 817 1986 rem
839 1929 977 2004 agebatur.
1023 1932 1066 1986 sin
1088 1945 1143 1984 vero

176 2013 204 2068 in
220 2027 382 2086 personam,
403 2013 435 2068 ab
450 2015 549 2070 actoris
566 2013 674 2087 quidem
690 2022 766 2088 parte
783 2014 875 2070 eadem
892 2013 1067 2086 obtinebant,
1084 2029 1144 2086 quae

177 2097 291 2154 diximus
312 2099 341 2154 in
362 2099 484 2168 actione,
509 2115 561 2172 qua
588 2100 615 2154 in
641 2115 699 2154 rem
721 2099 820 2172 agitur.
858 2098 890 2154 ab
907 2100 963 2154 eius
980 2116 1046 2156 vero
1062 2105 1142 2172 parte,

176 2199 236 2238 cum
253 2199 307 2256 quo
323 2185 427 2256 agitur,
444 2184 468 2238 si
484 2183 592 2256 quidem
607 2183 694 2239 alieno
710 2183 819 2238 nomine
835 2182 931 2256 aliquis
946 2175 1144 2252 interveniret,5

177 2267 332 2323 omnimodo
347 2263 529 2340 satisdabat,⁶
556 2268 618 2340 quia
641 2283 720 2322 nemo
742 2265 871 2322 defensor
889 2268 918 2322 in
938 2267 1024 2323 aliena
1046 2267 1143 2324 resine

176 2351 351 2407 satisdatione
372 2352 486 2408 idoneus
513 2368 573 2408 esse
599 2351 728 2408 creditur.
767 2350 841 2424 quod
861 2353 885 2406 si
905 2353 1017 2424 proprio
1040 2352 1142 2407 nomine
1207 2389 1208 2452 ,

175 2433 271 2506 aliquis
287 2435 413 2490 iudicium
429 2435 573 2508 accipiebat
595 2437 623 2492 in
644 2452 802 2508 personam,
823 2435 970 2492 iudicatum
985 2435 1056 2492 solvi
1071 2435 1143 2490 satis·
1207 2455 1208 2504 v

175 2517 239 2572 dare
254 2535 309 2574 non
323 2518 480 2592 cogebatur.
1207 2511 1208 2588 i

141 2625 157 2674 2
240 2601 292 2658 Sed
308 2603 374 2660 baec
389 2602 470 2658 bodie
484 2602 561 2658 aliter
583 2602 769 2660 observantur.
801 2606 858 2660 sive
873 2606 945 2660 enirn
966 2605 1027 2678 quis
1048 2607 1075 2660 in
1090 2618 1141 2658 ren
1207 2593 1208 2678 i

176 2688 282 2743 actione
304 2689 464 2744 convenitur
484 2689 540 2742 sive
561 2689 696 2760 personali
721 2705 772 2744 suo
799 2691 922 2760 nomine,
948 2688 1049 2746 nuliam
1070 2688 1142 2744 satis·
1207 2685 1208 2768 i

176 2771 310 2827 dationem
330 2780 444 2846 propter
463 2772 518 2828 litis
541 2765 772 2829 aestimationem⁷
794 2773 856 2828 dare
883 2773 1072 2846 compellitur,
1098 2769 1141 2826 sed

246 2983 264 3048 ¹)
282 3002 325 3049 pr.
343 2987 367 3046 ξ.
390 2989 454 3036 1--
474 2987 529 3038 Gai.
548 2989 572 3046 4,
591 2989 632 3038 89.
652 2991 692 3041 90.
713 2989 754 3041 96.
774 2989 906 3041 98...102
924 2995 984 3037 mot.
1056 2985 1077 3054 ²)
1096 2987 1139 3035 oii-

177 3054 220 3119 φη·
237 3054 313 3106 codd.
338 3053 416 3117 inser.
446 3053 558 3120 Tdeoplz.
590 3055 746 3120 appellatur
772 3057 848 3106 codd.
876 3062 924 3106 oet.
949 3056 1007 3105 edd.
1028 3054 1140 3105 Solimi

175 3123 227 3172 Kr.
314 3119 335 3184 ³)
353 3123 422 3172 molti
443 3125 517 3174 codd.
541 3123 619 3185 inser.
642 3123 753 3188 Theopi.
775 3122 924 3188 stipulatur
942 3123 1018 3174 codd.
1036 3131 1084 3172 vet.
1101 3121 1138 3170 ed.

175 3190 225 3239 Kr.
312 3186 333 3252 ⁴)
351 3207 393 3254 pr.
421 3191 478 3240 hinc
504 3198 530 3240 et
556 3191 579 3250 ᾖ.
600 3193 613 3239 1
632 3211 666 3231 =
686 3190 741 3240 Gai.
761 3193 785 3250 4,
805 3193 847 3242 90.
868 3192 908 3241 96.
933 3192 1069 3242 98...102
1085 3193 1139 3239 mot.
1207 3201 1208 3220 t

176 3257 196 3318 5)
214 3259 284 3308 molti
300 3259 376 3308 codd.
395 3258 471 3321 infer.
490 3248 648 3323 ὑπεδέχετο
670 3256 781 3320 Tbeopb.
801 3258 971 3309 interveniat
985 3258 1041 3308 Gai.
1061 3257 1138 3306 inter-

176 3326 284 3373 venerit
301 3327 377 3377 eodd.
396 3333 445 3375 net.
465 3327 506 3374 ed.
525 3325 576 3377 Kr.
646 3321 668 3390 6)
691 3326 804 3389 Tteopo.
824 3325 973 3376 satisdaret
991 3326 1064 3376 codd.
1082 3323 1135 3374 edd.

175 3387 303 3505 {babaz
317 3393 429 3456 Tbeopd.
455 3395 496 3443 ed.
516 3392 566 3441 Kr.
595 3407 643 3455 pro
671 3392 729 3441 litis
756 3393 950 3443 aestimatione
969 3395 1051 3443 ceteri
1067 3391 1136 3443 codd.
