2484 3916
201 201 243 270 80
311 219 346 255 na
366 217 502 256 unaarum
520 216 681 261 susurrare
700 217 734 252 nr
752 216 947 252 orrannrn‘rm
963 201 1002 264 11,
1022 203 1062 255 19.

200 363 285 418 nentis
310 377 389 434 quam
413 362 535 434 ipsorum
561 359 632 416 bona
655 351 803 415 similiter¹
829 375 845 414 a
869 357 1050 416 oreditoribus
1078 359 1152 432 possi·

201 446 324 502 deantur.

168 549 184 596 3
265 523 395 600 ²Geteri,
422 531 469 603 qui
495 529 634 584 testatoris
659 529 713 583 iuri
733 526 849 584 subiecti
868 543 925 584 non
939 535 1021 598 sunt,
1047 529 1154 582 extranei

201 613 316 670 heredes
332 613 513 688 appellantur.
551 615 644 686 itaque
659 611 738 668 liberi
760 627 872 686 quoque
887 613 993 682 nostri,
1016 612 1062 686 qui
1076 613 1103 666 in
1115 628 1154 684 po·

200 705 300 762 testate
321 705 415 754 nostra
436 713 492 754 non
512 705 593 769 sunt,
620 697 763 752 heredesa
784 695 860 752 nobis
886 697 1022 766 instituti,
1049 697 1154 750 extranei

200 781 315 838 heredes
330 782 466 838 videntur.
505 781 605 856 quade
621 787 743 837 oausaet
763 781 810 854 qui
831 779 945 836 heredes
961 797 976 836 a
991 787 1077 836 matre
1091 780 1154 834 insti-

201 874 328 938 tuuntur,
344 866 440 922 eodem
451 881 565 922 numero
577 873 653 936 sunt,
669 867 732 940 qnia
743 864 857 922 feminae
871 866 900 920 in
915 872 1054 938 potestate
1069 863 1154 919 liberos

200 968 256 1008 non
272 949 380 1006 habent.
418 967 513 1006 servus
529 965 639 1024 quoque
654 967 669 1005 a
684 949 794 1006 domino
810 949 888 1005 heres
903 949 1049 1006 institutus
1065 956 1091 1003 et
1103 956 1155 1021 post

199 1042 394 1091 testamentum
414 1034 516 1090 iactum
537 1033 569 1090 ab
584 1049 618 1090 eo
633 1036 813 1090 manumissus
833 1033 930 1090 eodem
949 1049 1067 1090 numero
1087 1031 1154 1088 hahe-

166 1135 183 1184 4
201 1127 255 1175 tur.
293 1111 346 1174 ⁸In
362 1120 496 1176 extraneis
512 1117 657 1174 heredibus
672 1118 740 1174 illud
756 1117 932 1189 observatur,
954 1125 986 1174 nt
1001 1120 1039 1174 sit
1054 1133 1112 1174 oum
1124 1117 1154 1171 eis

200 1204 361 1260 testamenti.
375 1201 474 1276 factio,
500 1204 556 1259 sive
576 1205 627 1277 ipsi
647 1203 761 1259 heredes
781 1204 959 1258 instituantur
974 1205 1033 1260 sive
1057 1203 1098 1272 hi,
1118 1201 1154 1273 qui

200 1289 229 1343 in
243 1294 380 1362 potestate
396 1304 490 1344 eorum
505 1295 580 1344 sunt.
618 1295 647 1342 et
665 1287 692 1343 id
708 1287 814 1343 duobus
828 1286 999 1362 temporibus
1015 1287 1153 1360 inspicitur,

201 1373 355 1428 testamenti
371 1373 481 1446 quidem
495 1372 574 1444 faeti,
596 1379 627 1427 ut
647 1373 801 1428 constiterit
815 1373 968 1443 institutio,
991 1373 1087 1428 mortis
1101 1385 1153 1424 vero

200 1458 355 1528 testatoris,
377 1464 409 1512 ut
429 1457 554 1514 effectum
570 1455 676 1513 habeat.
714 1457 766 1512 hoo
782 1456 895 1530 amplius
910 1464 938 1512 et
952 1473 1018 1512 oum
1032 1449 1104 1512 adit⁴
1116 1455 1154 1508 he·

200 1541 360 1613 reditatem,
376 1557 437 1598 esse
452 1541 533 1599 debet
548 1559 608 1599 oum
625 1559 657 1598 eo
673 1542 828 1598 testamenti
843 1541 940 1613 factio,
956 1543 1015 1598 sire
1029 1555 1096 1614 pure
1109 1539 1153 1594 sire

201 1625 250 1680 suh
277 1625 436 1682 condicione
462 1628 541 1682 heres
566 1628 709 1682 institutus
730 1627 778 1682 sit:
803 1642 865 1682 nam
890 1627 932 1680 iun
954 1625 1064 1682 heredis
1079 1621 1153 1680 eovel

201 1711 313 1764 maxime
339 1717 462 1784 tempore
476 1711 673 1783 inspiciendum
689 1718 747 1782 est,
772 1726 827 1784 quo
844 1709 962 1786 adquirit
978 1709 1151 1766 hereditatem.

200 1791 288 1848 medio
304 1801 393 1848 autem
420 1801 543 1868 tempore
568 1796 639 1850 inter
664 1794 765 1850 iactum
791 1802 983 1851 testamentum
1008 1803 1037 1851 et
1052 1800 1152 1850 mortem

200 1877 340 1932 testatoris
370 1877 412 1932 vel
442 1877 628 1935 condicionem
653 1879 833 1935 institutionis
863 1881 1028 1936 existentem
1053 1877 1152 1934 mutatio

199 1962 266 2016 iuri's
281 1960 374 2018 heredi
389 1978 445 2018 non
460 1970 557 2034 nooet,
574 1964 652 2036 quia⁷
668 1970 698 2018 ut
713 1963 844 2036 diximus,
864 1966 916 2020 tria
930 1973 1057 2038 tempora
1070 1960 1152 2035 inspici

200 2043 308 2103 debent.
346 2049 498 2105 testamenti
521 2055 611 2104 autem
632 2048 777 2104 factionem
796 2065 852 2105 non
873 2049 962 2104 solum
977 2051 1000 2104 is
1017 2045 1153 2105 hahere-vi·

200 2130 295 2203 detur,
312 2133 359 2206 qui
374 2139 567 2189 testamentum
583 2133 670 2189 iacere
685 2140 792 2207 potest,
808 2133 855 2189 sed
871 2134 951 2190 etiam
967 2135 1016 2207 qui
1031 2149 1063 2190 ex
1077 2131 1152 2186 alieno

200 2223 363 2273 testamento
379 2218 421 2274 vel
437 2220 494 2291 ipse
509 2235 605 2292 capere
620 2225 713 2292 potest
727 2218 770 2274 vei
784 2218 827 2274 alii
850 2217 1010 2292 adquirere,
1032 2217 1094 2274 lioet
1107 2230 1153 2270 uon

198 2307 291 2374 potest
306 2301 394 2358 faeere
410 2309 612 2358 testamentum.
652 2296 702 2358 ⁵et
717 2303 778 2359 ideo
795 2311 822 2358 et
837 2301 957 2360 furiosus
979 2310 1008 2358 et
1030 2308 1117 2358 mutus
1131 2305 1151 2352 et

199 2391 344 2456 postumus
360 2393 388 2440 et
403 2387 490 2442 intans
506 2394 534 2440 et
549 2384 732 2442 filiusfamilias
748 2393 776 2443 et
791 2403 885 2443 servus
896 2387 1000 2444 alienus
1011 2381 1151 2443 testamenti

199 2468 343 2523 factionem
358 2467 457 2524 hahere
471 2470 612 2526 dicuntur:
633 2469 696 2526 lieet
711 2472 782 2527 enim
797 2478 989 2528 testamentum
1006 2471 1094 2528 iacere
1106 2482 1153 2523 non

198 2559 332 2625 possunt,
348 2559 465 2610 attamen
480 2570 513 2610 ex
527 2561 691 2611 testamento
708 2555 751 2612 vel
765 2555 815 2612 sibi
831 2556 872 2612 vel
887 2556 931 2612 aiii
943 2555 1085 2630 adquirere
1099 2567 1152 2626 pos-

165 2645 181 2696 5
199 2644 272 2692 sunt.
313 2629 475 2694 6Ειιῐιιιιιιιίι
489 2646 579 2694 autem
595 2639 739 2696 heredibus
755 2639 920 2697 deliberandi
933 2649 1056 2714 potestas
1072 2647 1112 2695 est
1124 2634 1152 2690 de

268 2885 287 2950 1)
305 2889 323 2940 ι’.
341 2903 365 2938 e.
383 2895 579 2954 consequenter,
603 2887 703 2940 τοίνυν
725 2889 837 2955 I'deopd.
855 2905 903 2940 neo
919 2891 998 2956 initur
1014 2887 1151 2940 mutandam·

197 2955 341 3017 imperator
358 2957 411 3006 ait:
428 2963 455 3006 ut
472 2958 513 3006 sni
529 2955 561 3007 ob
574 2959 641 3008 omni
655 2957 846 3008 hereditatisre
863 2973 896 3008 oo
913 2961 983 3010 luero
995 2955 1151 3010 obstinebunt,

197 3021 313 3072 simditer
330 3038 377 3072 neo
389 3025 485 3092 ‚damno
505 3025 559 3075 eins
577 3025 767 3088 afficiebantur,
785 3026 834 3076 sed
850 3025 879 3076 td
895 3028 1019 3076 commodi
1030 3023 1147 3089 ferebant,

197 3094 226 3138 ut
243 3105 294 3140 noa
310 3105 358 3140 saa
374 3093 422 3142 sed
437 3093 555 3156 parentis
571 3091 637 3144 dono
655 3109 672 3142 a
689 3093 858 3144 oreditoribus
873 3095 1076 3158 possiderentur.
1133 3083 1150 3146 ²)

195 3157 255 3220 sere
272 3177 307 3200 ει
321 3157 376 3208 Gai.
389 3161 413 3218 2,
433 3161 491 3214 xor.
560 3157 581 3222 ³)
600 3161 625 3220 §-
642 3161 707 3214 4....
720 3161 824 3226 inspici
842 3161 945 3212 debent
959 3162 1019 3225 fere
1030 3155 1150 3209 ==L.49·

198 3226 222 3286 s.
241 3227 266 3280 1.
283 3228 318 3276 n.
337 3227 369 3276 ae
387 3227 475 3278 ama
493 3229 554 3278 amr.
573 3224 626 3293 (aa,
644 3226 670 3289 a)
693 3243 728 3279 ea
746 3229 890 3280 morenae
906 3233 923 3282 ι.
944 3231 976 3280 1o
993 3231 1070 3280 ιηειιι
1132 3218 1150 3282 ⁴)

197 3293 223 3342 B
236 3293 297 3356 (seo.
316 3293 402 3356 Salar.)
428 3311 483 3344 eum
503 3295 613 3358 Tdeopd.
632 3295 733 3346 adierit
759 3299 800 3346 ed.
819 3297 893 3347 Soka.
911 3295 981 3346 adiit
998 3299 1039 3348 ed.
1056 3295 1103 3346 Kr.
1120 3303 1151 3340 ex

198 3361 257 3409 altis
275 3363 351 3424 codd.
437 3360 459 3428 δ)
476 3363 536 3425 fere
554 3382 588 3402 =
606 3365 640 3418 L.
659 3365 691 3414 16
706 3380 750 3428 pr.
764 3365 798 3414 D.
816 3366 860 3430 qni
876 3371 975 3419 testam.
991 3365 1043 3428 fao.
1063 3363 1111 3426 (28,
1129 3354 1149 3416 1)

198 3427 387 3556 erofiPompom'a’
410 3435 428 3484 t.
449 3432 514 3494 einp..
538 3445 592 3495 rep.
677 3430 697 3493 6)
716 3431 756 3492 ἐξ.
774 3433 798 3482 5.
817 3435 842 3486 6.
860 3452 895 3474 =
914 3431 970 3486 eat.
990 3425 1150 3495 2,162.16³

196 3507 223 3543 to
259 3512 282 3550 n.
300 3505 359 3550 mut.
