2486 3916
262 241 298 276 na
318 239 514 278 rasraaanars
535 241 707 278 onmnanors
726 228 764 291 ΙΙ,
784 230 826 280 10.
988 230 1029 293 61

57 382 158 457 quibus
174 383 330 438 testamenti
345 381 426 438 saetio
443 389 493 437 est.
523 381 572 438 sed
587 398 677 456 neque
691 382 789 440 mulier
803 401 892 460 neque
907 385 1030 460 impubes

54 484 148 540 neque
163 483 258 522 servus
278 483 367 540 neque
388 474 479 523 mutus
501 482 590 540 neque
610 466 710 524 surdus
730 485 820 541 neque
839 469 960 526 furiosus
981 487 1032 526 nee

54 554 99 608 oui
114 551 196 608 bonis
218 550 393 608 interdictum
414 557 472 621 est,
494 567 544 606 nee
564 553 603 622 is,
625 567 706 624 quem
726 552 802 626 leges
822 553 916 610 iubent
930 556 1032 630 impro-

54 635 122 692 bum
137 634 376 710 intestabilemque
387 652 458 704 esse,
474 643 591 710 possunt
605 637 633 690 iu
644 651 758 692 numero
773 639 884 694 testium
900 639 1030 696 adhiberi.

55 721 110 776 Sed
131 735 195 776 eum
221 720 316 794 aliquis
338 737 370 776 ex
391 719 505 776 testibus
527 721 682 776 testamenti
702 720 811 794 quidem
830 721 944 778 faciendi
964 731 1065 789 tem-*1

54 821 125 878 pore
147 803 216 860 liber
236 804 453 875 existimabatur,
481 813 576 879 postea
601 821 666 860 vero
690 809 949 880 servusapparuit,
976 816 1031 864 tam

55 889 135 944 divus
157 887 307 946 Hadrianus
327 887 440 944 Gatonio
461 883 550 944 Vero¹
573 906 653 962 quam
676 897 771 964 postea
791 890 845 946 divi
866 890 981 948 Severus
1004 899 1033 948 et

54 974 212 1029 Antoninus
228 974 444 1048 rescripserunt,
460 972 601 1031 subvenire
617 990 647 1030 se
662 991 694 1030 ex
709 991 758 1030 sna
773 973 934 1032 liberalitate
949 983 1032 1032 testa·

54 1066 167 1128 mento,
186 1064 215 1113 ut
235 1058 275 1114 sio
295 1057 440 1129 habeatnr,
460 1065 542 1132 atque
563 1057 600 1129 si,
623 1065 654 1113 ut
674 1066 799 1132 oportet,
824 1059 925 1116 tastum
947 1068 1032 1132 esset,

55 1160 118 1198 cum
135 1158 168 1198 eo
185 1151 323 1216 tempore,
346 1159 401 1216 quo
421 1151 613 1198 testamentum
633 1144 804 1217 signaretur,
826 1146 946 1203 omnium
967 1161 1032 1202 con·

55 1243 142 1283 sensu
163 1227 208 1284 bio
222 1229 301 1284 testis
316 1226 464 1282 liberorum
478 1227 540 1283 loeo
556 1227 639 1283 fuerit
654 1244 705 1286 neo
719 1229 862 1302 quisquam
877 1239 966 1300 esset,
985 1231 1031 1304 qui

55 1314 80 1367 ei
95 1317 187 1367 status
209 1313 399 1388 quaestionem
414 1321 529 1368 moveat.
567 1305 667 1368 ²Pater
681 1329 732 1369 neo
747 1330 802 1368 non
816 1315 855 1383 is,
878 1316 924 1388 qui
941 1317 968 1370 in
983 1327 1066 1388 po·8

55 1403 161 1451 testate
181 1397 237 1451 eins
259 1404 317 1468 est,
337 1397 403 1452 item
423 1395 477 1452 duo
498 1395 610 1468 iratres,
633 1398 680 1470 qui
699 1399 726 1453 in
742 1397 862 1454 eiusdem
883 1400 967 1472 patris
982 1416 1032 1472 po·

55 1486 162 1536 testate
182 1489 259 1552 sunt,
286 1481 396 1554 utrique
416 1487 502 1536 testes
522 1481 551 1536 in
572 1497 656 1537 unum
676 1489 868 1538 testamentum
889 1481 948 1539 fieri
968 1499 1032 1556 pos·

54 1571 139 1620 sunt:
156 1566 217 1638 quia
231 1565 299 1622 nibil
312 1574 395 1621 nocet
407 1582 440 1621 ex
452 1581 505 1621 una
520 1563 601 1621 domo
616 1566 709 1640 piures
725 1574 809 1622 testes
820 1566 909 1624 alieno
918 1569 1032 1642 negotio

56 1647 189 1706 adhiberi.
221 1643 270 1706 ³1n
291 1647 407 1706 testibus
428 1657 518 1706 autem
533 1666 589 1706 non
604 1649 685 1707 debet
699 1667 775 1722 esse,
792 1653 838 1725 qui
853 1653 881 1706 in
896 1659 1032 1726 potestate
1050 1661 1066 1709 9

56 1735 199 1790 testatoris
220 1743 272 1790 est.
310 1734 363 1794 sed
383 1736 406 1790 si
426 1732 611 1792 filiusfamilias
632 1735 666 1791 de
685 1738 817 1792 castrensi
838 1738 945 1811 peculio
968 1743 1033 1810 post

57 1819 217 1876 missionem
233 1819 311 1876 faeiat
325 1825 533 1890 testamentum,
554 1836 607 1876 neo
626 1827 703 1894 pater
718 1821 777 1876 eius
796 1829 871 1878 reete
891 1823 968 1878 testis
986 1821 1032 1878 ad-

58 1902 168 1958 hibetur
178 1920 235 1960 -neo
248 1906 282 1978 is,
298 1906 345 1979 qni
360 1905 388 1960 in
402 1911 540 1978 potestate
555 1905 674 1962 eiusdem
686 1907 771 1979 patris
787 1913 842 1962 est:
857 1906 1032 1981 reprobatum

58 1997 99 2044 est
115 1989 189 2044 enim
209 1990 238 2044 in
253 2005 284 2046 ea
298 2005 329 2045 re
344 1989 523 2046 domesticum
544 1991 737 2046 testimonium.
775 1990 827 2046 Sed
847 2007 937 2064 neque
951 1993 1031 2048 heres
1051 2009 1084 2057 10

57 2075 178 2147 scriptus
205 2089 295 2148 neque
320 2075 369 2144 is,
385 2075 433 2148 qui
458 2075 485 2129 in
512 2081 649 2148 potestate
670 2075 729 2130 eius
755 2082 813 2143 est,
839 2091 928 2147 neque
956 2083 1033 2148 pater

58 2159 132 2230 eius,
156 2160 205 2232 qui
228 2157 308 2214 habet
329 2175 391 2214 eum
410 2160 438 2214 in
453 2165 601 2232 potestate,
616 2173 706 2230 neque
720 2158 834 2227 tratres,
856 2159 946 2231 quiin
961 2159 1033 2213 eius·

58 2242 120 2298 dem
134 2243 221 2318 patris
236 2251 373 2318 potestate
387 2250 467 2312 sunt,
482 2249 567 2300 testes
582 2240 703 2298 adbiberi
716 2250 849 2316 possunt,
865 2243 929 2316 quia
943 2249 1032 2298 totum

59 2327 110 2382 boc
125 2328 286 2402 negotium,
302 2328 375 2403 quod
391 2329 482 2402 agitur
497 2329 652 2384 testamenti
667 2327 808 2384 ordinandi
824 2328 925 2402 gratia,
946 2327 1034 2384 eredi-

59 2419 103 2466 tur
118 2412 203 2490 bodie
222 2414 293 2469 inter
313 2412 441 2469 heredem
456 2420 484 2468 et
498 2405 658 2468 testatorem
674 2414 726 2488 agi.
759 2412 824 2470 licet
838 2414 909 2469 enim
924 2413 952 2470 id
968 2412 1033 2470 olim

59 2496 100 2551 ius
126 2497 184 2553 tale
208 2490 303 2554 valde⁴
324 2495 514 2554 conturbatum
534 2495 623 2554 iuerat
643 2505 671 2554 et
696 2505 818 2570 veteres,
846 2500 893 2573 qui
918 2497 1034 2556 familiae

129 2711 148 2775 ¹)
168 2713 202 2766 L.
228 2715 251 2764 1.
276 2712 303 2763 0.
328 2715 361 2763 de
383 2720 482 2763 testam.
501 2709 540 2778 (6,
559 2711 612 2776 23).
697 2711 719 2776 ²)
734 2713 794 2771 sere
815 2735 848 2755 =
868 2715 927 2780 Ulp.
946 2715 987 2772 20,
1006 2715 1031 2764 6.

61 2781 93 2829 L.
114 2783 156 2832 17.
175 2782 210 2830 D.
230 2783 262 2831 de
281 2781 363 2831 testib.
382 2779 434 2844 (22,
453 2781 489 2842 ὅ).
559 2779 975 2843 ⁸)=uai.2,1oa‚106mut.
1011 2779 1031 2844 ⁴)

62 2849 135 2898 enim
152 2853 243 2898 totum
269 2849 313 2898 ius
335 2848 394 2898 tale
418 2863 502 2899 omnes
528 2849 588 2901 edd.
610 2850 670 2899 item
692 2851 767 2902 codd.
793 2851 844 2900 nisi
860 2851 929 2914 quod
945 2853 1033 2900 totum

62 2930 109 2968 om.
126 2916 164 2966 Ε·
192 2915 338 2980 (seeundum
364 2915 495 2979 uctred),
522 2918 549 2966 a'n
575 2917 723 2982 quibusdem
748 2924 808 2981 post
834 2918 890 2967 tale
915 2919 1032 2983 ponitur.

61 2985 280 3047 opertamoa'tium
298 2986 457 3035 correntes
476 2983 610 3049 Thespia:
637 2979 665 3035 εἰ
684 2979 734 3034 καὶ
752 2976 793 3036 τὰ
809 2977 961 3052 μάλιστα
978 2978 1033 3052 peip

63 3046 239 3134 συνεκέχυτο
261 3043 375 3103 πάλαι
404 3044 441 3102 τὸ
467 3049 635 3102 τοιοῦτον
658 3041 809 3117 νόμιμον
831 3050 882 3104 καὶ
906 3051 1034 3120 πολλῆς

64 3111 247 3186 ἕπεπληρωτο
261 3119 402 3188 ταραχῆς,
422 3121 489 3170 unde
506 3127 629 3184 apparet,
642 3119 805 3184 dbeopditwn
813 3125 900 3172 totum
911 3119 992 3188 (quod
1009 3129 1035 3172 et

63 3189 170 3238 otiosam
187 3195 213 3238 et
230 3205 247 3238 a
265 3189 391 3247 librerias,
411 3202 475 3253 quos
492 3187 523 3236 id
541 3187 607 3238 olim
624 3189 668 3236 ins
686 3188 849 3253 offendebat,
867 3191 904 3239 ad
919 3191 1034 3240 similitu-

63 3257 146 3306 dinem
163 3257 340 3307 antecedentis
351 3259 438 3306 totum
451 3255 504 3305 hoo
515 3259 658 3321 negotium
670 3256 780 3319 effictum
797 3256 845 3321 est)
864 3273 915 3308 non
933 3259 1033 3320 tepiese,

62 3321 128 3372 olim
145 3339 208 3376 vero
226 3332 252 3375 et
269 3323 351 3376 valde
361 3327 409 3376 'aet
424 3324 505 3375 simite
524 3325 591 3390 quid.
610 3325 680 3390 quod
695 3331 826 3391 utramque
838 3333 864 3376 et
874 3340 965 3376 sensus
977 3325 1034 3374 ecci·

61 3392 113 3454 pit,
131 3393 189 3442 item
207 3391 237 3441 id
250 3428 257 3443 .
270 3429 277 3445 .
288 3428 294 3442 .
305 3391 363 3444 tale
382 3394 483 3457 legisse.
503 3391 559 3443 tolo
578 3395 676 3443 seilicet
697 3394 812 3444 additum
833 3400 884 3451 est,
908 3395 968 3457 quio
986 3393 1034 3441 boe

61 3461 104 3507 ius
120 3465 215 3510 tontum
233 3463 308 3526 quale
326 3469 402 3510 antea
429 3462 584 3525 descriptum
610 3467 665 3520 est,
692 3462 749 3512 olim
775 3459 948 3512 conturbatum
966 3467 1033 3510 erut.

63 3525 146 3576 valdo
165 3527 195 3578 ob
212 3529 399 3580 similtudinem
417 3530 523 3580 caecidit.
