2486 3916
310 267 346 302 nn
366 267 462 303 annon
480 266 627 304 n1v1s1oruc
645 255 681 315 11,
702 256 724 307 1.
963 236 1021 318 35,

20 411 71 466 sui
88 425 149 465 non
164 408 258 481 saciat,
280 417 311 465 ut
332 409 456 466 alimenta
475 410 579 484 pupillo
601 410 795 484 decernantur,
816 419 927 468 cavetur
948 413 1005 486 epi·

21 494 102 550 stula
119 493 246 550 divorum
267 493 359 550 Severi
381 501 409 550 et
424 487 590 567 Αιιῑοιιίηἰ,1
607 503 637 551 ut
656 496 684 550 in
699 496 901 569 possessiouem
916 494 1005 552 horro-

19 597 91 635 rum
107 580 169 634 eius
184 577 304 652 pupillus
319 576 455 635 mittatur:
471 588 499 635 et
510 595 579 653 qnae
591 596 666 636 mora
677 579 812 636 deteriora
824 579 916 638 lutura
927 589 1004 652 sunt,

22 665 95 720 dato
111 671 240 719 curatore
256 662 368 719 distrahi
388 663 525 721 iubentur.
565 681 633 738 ergo
655 672 686 719 ut
705 672 849 738 suspectus
869 667 1005 721 removeri

20 749 148 822 poterit,
165 749 211 821 qui
226 763 282 803 non
293 755 413 822 praestat
427 748 560 805 alimenta.
590 749 644 805 Sed
659 749 683 804 si
693 749 754 822 quis
766 765 893 821 praeseus
910 757 1003 823 negat,
1026 764 1057 812 ιο

22 841 149 907 propter
163 833 281 906 inopiam
296 832 422 888 alimenta
436 849 518 906 posse
530 833 649 904 decerni,
665 834 688 889 si
702 833 756 889 hoe
770 850 821 906 per
836 833 1004 888 mendacium

22 919 114 988 dicat,
131 915 325 972 remittendum
346 933 407 972 eum
429 934 489 973 esse
511 917 544 974 ad
558 917 725 992 praelectum
746 916 820 974 urhis
835 917 1004 991 puniendum

22 1003 146 1077 placuit,
162 1003 233 1058 sicut
247 1000 293 1056 ille
308 1002 465 1073 remittitur,
482 1003 528 1076 qui
539 1002 599 1059 data
612 1004 727 1078 pecunia
736 1003 916 1058 ministerium
933 1009 1004 1057 tute-

24 1089 68 1143 lae
86 1086 217 1142 redemit.
248 1077 392 1142 ²Libertus
409 1103 529 1161 quoqne,
551 1089 575 1143 si
590 1087 776 1143 fraudulenter
797 1088 916 1160 gessisse
934 1095 1005 1142 tute·
1025 1096 1055 1144 11

24 1173 80 1227 lam
99 1169 222 1226 filiorum
237 1169 280 1225 vel
289 1177 418 1244 nepotum
428 1173 536 1245 patroni
546 1171 689 1246 probetur,
706 1171 738 1226 ad
749 1171 916 1244 praelectum
930 1170 1004 1226 urbis

25 1257 185 1312 remittitur
198 1254 360 1329 puniendus.
390 1255 540 1312 Novissime
554 1256 694 1316 sciendum
710 1264 767 1326 est,
789 1272 853 1326 eos,
871 1258 917 1330 qui
933 1257 1004 1311 lrau·
1025 1264 1057 1312 12

25 1341 164 1396 dnlenter
178 1339 290 1396 tutelam
305 1339 347 1395 vel
363 1356 453 1396 curam
469 1340 665 1412 administrant,
681 1341 786 1396 etiamsi
797 1341 862 1396 satis
878 1340 1005 1411 offerant,

25 1423 216 1484 removendos
231 1440 246 1479 a
259 1423 356 1496 tutela,
372 1417 453 1498 ³quia
468 1423 606 1482 satisdatio
621 1426 793 1499 propositum
808 1425 907 1480 tutoris
923 1423 1005 1480 malc-

25 1510 131 1566 volum
147 1525 202 1564 non
217 1515 313 1580 mutat,
328 1508 376 1565 sed
392 1509 495 1565 diutius
510 1508 650 1583 grassandi
666 1510 694 1564 in
709 1525 739 1564 re
755 1507 877 1564 familiari
893 1507 1006 1564 faculta-

28 1605 88 1651 tem
111 1601 240 1666 praestat.
278 1586 459 1667 ‘¹Suspectum
480 1595 632 1650 enimcum
652 1601 795 1668 putamus,
817 1593 863 1665 qui
884 1590 1005 1650 moribus
1026 1608 1057 1657 13

31 1679 95 1735 talis
113 1686 173 1748 est,
194 1685 225 1733 ut
240 1687 383 1751 suspectus
398 1679 447 1733 sit:
469 1679 606 1734 enimvero
618 1685 694 1734 tutor
709 1676 889 1749 velcurator,
912 1691 1005 1751 quam·

30 1766 70 1818 vis
87 1779 196 1836 pauper
212 1770 268 1833 est,
289 1760 377 1818 fidelis
394 1771 482 1818 tamen
498 1771 525 1818 ct
540 1762 673 1837 diligens,
695 1761 877 1818 removendus
893 1779 947 1818 non
964 1770 1006 1817 est

32 1849 114 1922 quasi
128 1855 284 1921 suspectus.

354 2111 467 2164 LIBER
490 2111 691 2166 SECUNDUS.

480 2263 569 2304 mur
654 2304 663 2324 ,

312 2384 362 2434 DE
381 2384 510 2435 RERUM
527 2381 729 2434 DIVISIONE.

103 2519 271 2598 ⁵Superiore
292 2523 360 2580 libro
381 2523 415 2580 de
434 2525 493 2580 iure
513 2539 690 2596 personarum
712 2524 901 2597 exposuimus:
924 2521 1005 2578 modo
1025 2549 1059 2588 p„

40 2609 175 2664 videamus
191 2607 331 2664 derebus.
369 2624 437 2683 quae
457 2607 501 2664 vel
520 2609 548 2663 in
569 2616 664 2664 nostro
686 2608 847 2681 patrimonio
869 2606 911 2662 vel
932 2613 1007 2664 extra

42 2701 166 2749 nostrum
181 2694 373 2766 patrimonium
388 2691 530 2749 habentur.
563 2685 710 2766 ⁶quaedam
730 2693 803 2748 euim
818 2690 933 2747 naturali
947 2692 1007 2745 iure

42 2779 193 2833 communia
207 2786 273 2833 sunt
288 2778 423 2848 omnium,
443 2776 573 2851 quaedam
587 2775 708 2850 publica,
731 2776 861 2849 quaedam
877 2775 1008 2830 universi-

43 2864 117 2934 tatis,
139 2861 271 2936 quaedam
292 2861 409 2932 nullius,
431 2861 560 2935 pleraque
579 2860 768 2935 singulorum,
791 2851 860 2934 quae
880 2860 959 2915 variis
975 2875 1008 2914 ex

42 2949 126 3002 causis
142 2949 242 3020 cuique
258 2946 449 3020 adquiruntur,
464 2947 535 3002 sicut
550 2962 582 3001 er
598 2944 726 3001 subiectis
742 2943 891 3019 apparebit.

50 3112 243 3122 ——n-————

21 3189 23 3226 ⁵
108 3211 128 3276 1)
147 3213 182 3277 es.
205 3213 264 3278 ιαμ.
283 3214 316 3266 a.
337 3215 361 3265 r.
380 3213 403 3274 s.
415 3214 440 3262 a.
459 3213 492 3262 n.
506 3214 538 3262 oe
555 3227 625 3276 susp.
646 3219 692 3264 tut.
705 3208 820 3274 (ae,1o).
857 3207 878 3274 ²)
892 3231 926 3252 =
939 3210 971 3258 n.
985 3211 1010 3258 a.

43 3283 73 3336 D.
93 3284 125 3332 de
142 3297 213 3346 cusp.
232 3287 282 3331 tut.
301 3281 357 3346 (27,
378 3278 419 3342 10)
442 3296 477 3331 ex
497 3279 557 3344 lup.
579 3284 596 3330 l.
617 3283 630 3330 l
650 3281 682 3330 de
700 3295 767 3329 omn.
791 3278 849 3328 trib.
938 3275 958 3338 3)
976 3296 1010 3317 =

44 3351 72 3402 L.
91 3351 115 3400 6.
135 3349 170 3400 D.
190 3351 248 3403 eod.
267 3365 303 3400 ecc
321 3349 464 3400 callistrati
485 3352 501 3398 l.
520 3350 538 3397 4
556 3349 587 3398 dc
605 3349 701 3412 coperit.
788 3343 809 3412 ⁴)
828 3365 862 3388 --·
880 3347 912 3394 L.
932 3346 956 3394 8.
975 3344 1008 3394 D.

45 3421 98 3468 eod.
116 3433 153 3468 eoe
173 3417 231 3482 Utp.
250 3419 267 3470 l.
280 3419 312 3467 61
332 3418 367 3466 ad
385 3417 425 3468 ed.
496 3413 515 3478 ⁵)
533 3418 587 3466 init.
605 3437 638 3458 =
658 3415 715 3465 Gar.
735 3415 796 3472 21.
868 3411 887 3473 ⁰)
906 3428 948 3474 pr.
962 3412 1009 3471 fin.

45 3485 79 3546 ἕξ.
99 3489 121 3536 1.
142 3487 169 3534 2.
186 3485 247 3550 fere
264 3505 298 3526 =
316 3485 349 3536 L.
368 3485 400 3534 2:
413 3486 437 3536 4.
456 3485 490 3534 D.
509 3485 541 3534 de
559 3485 631 3535 diois.
645 3499 698 3532 rer.
722 3482 760 3545 (1,
781 3479 807 3542 8)
826 3495 861 3529 ex
879 3477 1011 3528 ilduret'am‘

46 3556 59 3602 l.
76 3557 90 3604 3
109 3555 193 3604 instit.

815 3625 858 3689 3*
