2464 3916
189 226 251 294 130
362 245 398 279 nn
417 241 569 279 vernonum
589 239 781 277 oppressione
799 227 850 290 111,
871 227 902 278 15
922 223 983 292 (16).

187 403 293 444 oscen
313 399 436 442 nonnos
458 399 597 456 annuos,
619 399 725 449 ononi>
745 399 861 454 vrvnu,
882 399 966 440 unns
988 387 1146 456 srennnsi,

188 479 215 527 et
230 485 299 544 pure
314 468 383 524 iacta
395 467 525 543 obligatio
539 467 709 542 intellegitur
723 476 750 523 et
765 476 952 542 perpetuatur,
969 469 1030 541 quia
1042 468 1075 523 ad
1091 475 1146 524 ten·

187 571 238 628 pus
260 551 352 609 deberi
373 569 428 609 non
453 561 555 627 potest.
600 552 647 608 sed
669 553 746 608 heres
767 551 886 626 petendo
906 553 976 626 pacti
998 553 1147 626 exceptione

152 653 169 701 4
188 636 400 694 submovebitur.
439 637 495 693 Sub
516 636 675 692 condicione
694 635 833 710 stipulatio
855 634 900 708 lit,
922 653 982 692 cum
997 638 1027 692 in
1042 637 1158 710 aliquem.

187 739 278 780 casum
293 721 416 778 differtur
431 721 577 796 obligatio,
598 729 644 792 ut,
665 722 688 776 si
703 720 803 794 aliquid
824 720 923 778 iactum
942 721 1025 777 luerit
1041 729 1088 776 aut
1102 739 1147 778 aon

187 807 285 880 luerit,
307 805 446 881 stipulatio
462 807 660 878 columnatae,
682 805 766 860 veluti
787 821 816 862 st
836 821 943 865 nimus
965 820 1087 865 consum
1106 823 1148 863 rn-

188 907 266 952 crus
281 907 412 963 runnrr,
434 907 574 956 ouruoun
590 905 713 948 suanos
728 905 812 947 mann
829 891 987 950 secunus?
1007 891 1030 946 si
1046 893 1148 964 quisita

107 989 111 996 ·
187 977 334 1051 stipuletur
356 991 384 1032 s1
405 989 646 1033 molemonium
660 991 723 1033 nou
738 977 938 1046 esonnnnno',
959 991 1045 1032 nane
1067 991 1147 1033 seon·

187 1063 267 1120 nse?
293 1060 405 1134 perinde
420 1060 487 1131 erit,
509 1076 539 1115 ue
559 1061 582 1114 si
602 1059 746 1134 stipulatus
769 1068 856 1130 essct,
878 1076 939 1116 eum
954 1061 1087 1116 morietur
1101 1059 1147 1115 clari

187 1147 246 1202 sibi.
284 1162 316 1202 ex
332 1143 510 1202 condicionali
531 1143 705 1218 stipulatione
721 1151 825 1200 tantum
840 1161 902 1218 spes
919 1152 961 1200 cst
977 1143 1099 1201 debitum
1113 1146 1147 1215 iri,

188 1247 300 1304 eamque
325 1231 409 1303 ipsam
436 1245 511 1303 spem
537 1229 758 1300 transmittimus,
785 1230 823 1300 si,
850 1231 1007 1302 priusquam
1034 1229 1147 1285 condicio

154 1329 169 1376 5
187 1316 300 1386 existat,
322 1331 396 1371 mors
417 1313 495 1370 nobis
516 1314 671 1388 contigerit.
711 1312 781 1370 Loca
796 1313 875 1369 etiam
890 1313 973 1370 inseri
988 1314 1147 1388 stipulationi

188 1399 293 1472 solent,
314 1399 399 1456 veluti
420 1415 620 1457 annuntiante
640 1413 723 1454 unns
740 1397 897 1455 secunus?
926 1415 994 1472 quae
1018 1399 1147 1472 stipulatio

186 1485 250 1540 licet
264 1493 332 1558 pure
349 1482 406 1540 fieri
421 1483 556 1556 videatur,
578 1490 666 1538 tamen
681 1499 711 1539 re
726 1485 783 1556 ipsa
798 1482 878 1538 habet
895 1489 1003 1557 tempus
1018 1483 1147 1554 iniectam,

188 1587 242 1644 quo
257 1569 408 1644 promissor
423 1575 514 1624 utatur
529 1567 560 1622 ad
575 1569 714 1640 pecuniam
727 1567 886 1643 Carthagine
898 1567 1021 1624 dandam.
1053 1574 1080 1624 et
1092 1568 1146 1623 ideo

187 1656 210 1709 si
233 1656 292 1727 quis
310 1654 345 1707 ita
360 1652 460 1709 Romae
475 1651 622 1726 stipuletur
635 1667 734 1708 noum
751 1668 950 1711 conserente
965 1669 1050 1710 nene
1067 1669 1146 1710 spou-

187 1739 266 1794 mns?
288 1737 390 1792 inutilis
406 1737 457 1791 erit
471 1735 627 1809 stipulatio,
649 1753 709 1792 cum
730 1737 904 1811 impossibilis
919 1739 955 1792 sit
969 1739 1143 1812 repromissio.

153 1825 168 1872 6
187 1820 381 1892 Condiciones,
397 1837 465 1894 quae
480 1820 512 1874 ad
528 1821 702 1894 praeteritum
717 1821 760 1876 vel
776 1822 808 1877 ad
823 1838 950 1895 praesens
967 1831 1072 1897 tempus
1083 1821 1144 1878 rele-

186 1913 301 1977 runtur,
322 1913 368 1960 aut
383 1905 472 1960 statim
487 1902 623 1960 infirmant
639 1903 832 1978 obligationem
848 1915 893 1962 aut
909 1909 1019 1962 omnino
1036 1925 1085 1963 non
1098 1905 1142 1960 dil-

185 1990 291 2047 ierunt:
312 1989 395 2046 veluti
410 2005 440 2048 s1
455 2004 560 2048 rrnrus
577 2003 785 2049 concursura·
800 1991 842 2048 vel
858 2007 888 2048 sr
902 2007 1041 2050 suemus
1056 2006 1142 2058 vrvrr,

186 2091 270 2132 menn
292 2075 448 2134 secunus?
484 2091 544 2131 nam
565 2075 588 2130 si
609 2091 639 2130 ea
659 2076 695 2130 ita
716 2092 771 2131 non
792 2083 875 2148 sunt,
892 2077 959 2132 nihil
980 2077 1049 2133 valet
1068 2077 1143 2148 stipu-

186 2161 265 2217 latio:
291 2163 332 2216 sin
353 2169 442 2216 autem
463 2162 500 2216 ita
520 2176 549 2215 se
571 2159 685 2231 habent,
712 2161 802 2216 statim
818 2159 895 2216 valet.
938 2177 1006 2234 quae
1022 2161 1087 2216 enim
1101 2175 1145 2232 per

186 2263 277 2302 rerum
298 2253 419 2301 naturam
440 2253 513 2302 certa
528 2252 607 2316 sunt,
628 2261 684 2300 non
705 2252 844 2302 morantur
864 2245 1069 2320 obligationem,
1089 2243 1144 2298 licet

187 2330 256 2402 apud
272 2347 322 2386 nos
337 2331 439 2385 incerta
454 2331 517 2385 sint.
1010 2399 1015 2407 ι
1037 2353 1039 2358 ·

153 2427 167 2476 7
249 2413 309 2469 Non
330 2414 419 2468 solum
438 2429 483 2468 res
504 2415 531 2468 iu
551 2413 709 2486 stipulatum
730 2413 826 2470 deduci
847 2420 978 2487 possunt,
1005 2413 1143 2470 sedetiam

186 2497 268 2553 iacta:
289 2504 319 2552 ut
335 2499 357 2552 si
372 2497 533 2570 stipulemur
554 2493 611 2552 lieri
627 2498 727 2571 aliquid
742 2498 784 2553 vel
799 2515 854 2554 non
869 2496 936 2554 fieri.
973 2506 1001 2554 et
1017 2501 1044 2554 in
1059 2497 1142 2553 huius·

187 2581 258 2636 modi
273 2581 482 2656 stipulationbus
499 2581 629 2654 optimum
642 2584 693 2638 erit
708 2599 821 2656 poenam
836 2582 983 2655 subiicere,
1000 2600 1034 2640 ne
1049 2582 1143 2656 quanti·

188 2675 226 2722 tas
247 2667 430 2741 stipulationis
450 2667 478 2721 in
499 2661 603 2722 incerto
626 2668 661 2722 sit
681 2685 711 2722 ac
730 2683 840 2724 necesse
861 2669 897 2723 sit
918 2669 1003 2724 actori
1027 2667 1143 2742 probare,

104 2755 106 2758 ’
187 2751 251 2825 quid
272 2754 329 2808 eius
350 2753 465 2807 intersit.
506 2752 597 2824 itaque
612 2753 634 2806 si
650 2753 726 2824 quis,
749 2761 776 2806 ut
798 2751 843 2808 liat
857 2753 973 2826 aliquid,
996 2753 1142 2828 stipuletur,

185 2837 222 2892 ita
243 2836 310 2892 adici
330 2853 417 2910 poena
437 2834 531 2891 debet:
554 2849 582 2892 s1
604 2851 657 2892 1rn
673 2851 798 2894 enorum
813 2853 876 2896 uon
890 2855 979 2909 sarr,
1000 2854 1064 2897 unu
1078 2851 1142 2893 non·

148 2969 150 2973 .
185 2937 246 2977 nnn
265 2937 384 2978 nemun
404 2935 511 2978 uncam
530 2914 756 2978 neruosusne
778 2921 936 2980 snounns?
965 2921 1013 2977 sed
1035 2923 1055 2976 si
1071 2934 1142 2994 quae·

186 3003 247 3058 dam
263 3003 336 3076 iieri,
354 3005 484 3078 quaedam
500 3021 555 3060 non
571 3003 628 3060 lieri
645 3022 696 3060 una
712 3005 858 3078 eademque
874 3008 1051 3080 conceptione
1066 3006 1142 3076 stipu-

185 3089 270 3162 letur,
297 3089 415 3144 clausula
436 3091 488 3144 erit
513 3090 666 3146 huiusmodi
692 3090 841 3146 adicienda:
879 3105 907 3148 sr
927 3104 1090 3148 reversus
1108 3102 1142 3142 ns

184 3189 311 3233 sacrum
332 3189 422 3245 narr,
450 3189 520 3250 sive
547 3189 624 3240 oum
645 3190 699 3232 arn
718 3191 846 3234 reorum
869 3191 932 3234 nou
956 3191 1045 3246 amr,
1070 3185 1143 3230 runc

185 3273 307 3316 roenna
322 3275 442 3316 nonme
454 3273 561 3316 necem
576 3274 699 3316 euneos
715 3275 798 3316 nean
815 3258 973 3319 eroum-:si

746 3458 753 3496 l
