2464 3916
214 203 276 268 174
531 219 567 254 nn
585 217 756 256 torronrsos
774 205 823 268 lv,
842 206 868 260 6.

212 364 301 418 vivere
316 361 437 434 eoeperit
459 367 506 416 aut
526 360 643 433 denique
664 359 786 434 quolibet
807 359 889 416 modo
910 359 1032 416 deterior
1046 360 1127 418 faetus
1141 365 1173 416 sit

213 447 251 517 (iu
267 461 318 519 qua
333 446 440 500 actione
455 446 535 500 otiam
549 461 642 501 eorum
656 461 770 516 rerum,
786 461 852 518 quas
867 445 1000 519 fugiendo
1014 461 1107 500 sersus
1120 445 1173 500 alus-

213 530 286 600 tuit,
303 529 452 586 aestimatio
470 527 637 601 deducitur):
653 531 717 586 item
733 545 765 586 es
780 529 883 603 legato,
900 529 973 602 quod
989 528 1174 586 venerabilibus

162 614 280 672 uelocis
301 613 429 669 relictum
451 621 508 684 est,
530 613 680 670 secundum
695 630 742 684 ea,
764 629 833 688 quae
847 630 930 688 supra
945 611 1069 670 diximus.
1099 614 1175 688 fripli

211 714 292 770 vero,
313 715 374 754 cum
395 697 503 771 quidam
518 699 647 754 maiorem
662 714 740 755 verae
755 699 949 754 aestimationis
965 699 1137 772 quantitatem
1150 701 1175 753 iu

212 781 304 839 libello
320 784 507 840 conventionis
522 784 653 854 inseruit,
675 792 705 838 ut
726 799 759 840 ex
777 783 828 842 ltao
842 799 921 838 causa
941 783 1074 855 viatores,
1094 782 1120 838 id
1139 791 1178 838 est

212 875 386 923 exsecutores
407 867 510 938 litium,
537 867 695 942 ampliorem
715 883 844 923 summam
866 867 1049 940 sportularum
1075 869 1179 923 nomine

212 945 390 1026 exigerent2¹
411 960 476 1008 tnnc
497 953 567 1008 enirn
587 952 661 1026 quod
682 959 796 1026 propter
815 968 910 1008 corum
931 967 1036 1008 cansam
1050 951 1179 1008 damnum

211 1052 307 1110 passus
324 1035 406 1092 fuerit
421 1053 495 1107 reus,
509 1037 538 1092 id
553 1037 664 1110 triplum
679 1035 711 1092 ab
726 1043 818 1093 actore
833 1044 1029 1109 consequetur,
1045 1043 1076 1092 ut
1090 1037 1117 1092 in
1133 1037 1181 1091 hoc

211 1120 295 1193 triplo
312 1128 339 1176 et
353 1119 496 1195 simplum,
516 1121 544 1176 in
560 1137 614 1195 quo
630 1121 755 1178 damnum
770 1137 866 1194 passus
882 1127 939 1191 est,
962 1129 1186 1180 connumeretur..

213 1203 286 1278 quod
301 1212 395 1260 nostra
409 1198 590 1262 constitutio²
604 1205 720 1275 induxit,
736 1207 849 1278 quaein
864 1213 960 1262 nostro
975 1204 1070 1261 codice
1085 1204 1181 1278 fulget,

161 1295 194 1344 *25
212 1305 245 1344 ex
261 1305 314 1362 qua
323 1288 405 1345 dubio
417 1291 513 1363 procul
523 1299 564 1346 est
576 1306 608 1346 en
619 1289 876 1364 legecondicticiam
888 1305 1021 1344 emanare.
1037 1287 1182 1362 Quadrupli

211 1373 294 1430 veluti
310 1373 377 1430 furti
392 1375 537 1445 manifesti,
552 1376 618 1430 item
632 1374 666 1430 de
682 1391 726 1446 eo,
742 1373 815 1448 quod
827 1381 915 1430 metus
927 1389 1007 1429 casua
1022 1373 1125 1430 facturn
1139 1375 1181 1442 sit

212 1457 301 1532 deque
316 1475 347 1514 ea
362 1460 485 1532 pecunia,
502 1476 571 1534 quae
586 1461 614 1516 iu
628 1460 681 1514 hoc
693 1459 755 1514 data
767 1460 821 1530 sit,
838 1460 923 1534 ntis,
938 1460 984 1514 cui
998 1457 1093 1528 datur,
1116 1457 1182 1514 calu·

211 1543 298 1598 mniae
305 1545 530 1617 causanrgotium
537 1544 616 1600 alicui
630 1543 731 1600 faceret
743 1543 784 1599 vel
798 1559 854 1600 non
868 1542 982 1598 fureret:
996 1543 1065 1598 item
1076 1559 1110 1598 ex
1125 1542 1182 1615 lege

212 1625 369 1683 condicticia
391 1644 406 1682 a
426 1637 521 1684 nostra
541 1629 738 1685 constitutione
753 1629 855 1698 oritur,
876 1629 904 1682 in
925 1627 1107 1702 quadruplum
1124 1643 1182 1682 cou-

212 1710 409 1768 demnationem
435 1714 578 1786 imponens
603 1714 645 1768 fris
668 1711 871 1770 exsecutoribus
896 1711 995 1782 litium,
1021 1712 1068 1784 qui
1091 1718 1181 1767 contra
1223 1749 1224 1770 2

212 1801 321 1849 nostrae
342 1789 565 1852 constitutionis³
591 1814 712 1854 normam
738 1813 753 1852 a
777 1798 832 1852 reis
859 1795 1004 1869 quidquam
1032 1797 1179 1869 exegerint.
1223 1779 1224 1826 l

161 1881 194 1930 26
213 1877 267 1933 Sed
279 1877 343 1934 furti
360 1879 473 1952 quidem
483 1898 534 1937 nec
545 1882 680 1938 manifesti
694 1883 764 1938 actio
779 1889 807 1936 et
822 1881 892 1937 servi
906 1881 1028 1954 corrupti
1045 1895 1060 1934 a
1075 1881 1182 1950 ceteris,

212 1961 359 2036 dequibus
379 1965 460 2020 simul
480 1965 566 2022 locuti
587 1982 697 2037 sumus,
719 1983 752 2022 eo
773 1965 878 2035 diflert,
899 1964 975 2038 quod
996 1965 1047 2020 me
1062 1965 1182 2020 actiones

212 2048 368 2104 omnimodo
389 2048 465 2123 dupli
486 2059 564 2107 suut:
587 2059 613 2106 at
632 2051 710 2121 illae,
730 2051 758 2106 id
778 2057 820 2106 est
835 2049 925 2106 damni
945 2051 1060 2105 iniuriae
1072 2066 1109 2104 eu
1125 2048 1182 2122 lege
1222 2047 1223 2060 ¹

211 2133 318 2206 Aquilia
333 2142 361 2189 et
374 2134 511 2191 interdum
527 2136 660 2210 depositi,
681 2134 841 2191 infitiatione
864 2133 1050 2207 duplicantur,
1072 2135 1101 2188 in
1122 2150 1183 2189 eon·

212 2217 333 2274 litentem
348 2228 438 2276 autern
454 2221 482 2276 in
496 2220 623 2294 simplum
638 2219 749 2275 duntur:
770 2218 819 2275 sed
834 2218 893 2290 illa,
915 2235 984 2292 quae
1005 2219 1039 2274 de
1054 2219 1098 2274 his
1113 2235 1184 2273 com·

196 2301 296 2376 -petit,
319 2320 387 2376 quae
402 2304 496 2360 relicta
512 2303 707 2360 venerabilibus
722 2305 790 2360 locis
806 2311 884 2374 suut,
906 2319 962 2358 non
982 2303 1072 2358 solum
1087 2301 1184 2358 infitio-

211 2388 286 2442 tione
302 2387 470 2460 duplicatur,
492 2389 540 2446 sed
555 2397 583 2444 et
604 2390 626 2444 si
642 2388 778 2444 distulerit
792 2387 879 2444 relicti
895 2386 1076 2457 solutionem,
1098 2403 1184 2459 usqne

212 2487 266 2542 quo
282 2472 359 2526 iussu
375 2474 580 2546 magistratuum
592 2481 750 2530 nostrorum
765 2474 949 2542 conveniatur,
964 2474 993 2528 in
1007 2469 1184 2528 confitentem

210 2571 274 2610 vero
295 2564 324 2611 et
342 2565 485 2630 antequam
507 2560 584 2614 fussu
604 2560 810 2632 magistratuum
831 2557 1008 2613 conveniatur
1034 2555 1184 2612 soluentem

160 2645 193 2693 uf
211 2640 301 2714 simpli
316 2640 447 2698 redditur.
476 2643 544 2700 ltem
557 2645 626 2698 actio
642 2642 675 2697 de
690 2659 734 2713 eo,
751 2641 824 2716 quod
837 2651 924 2698 metus
936 2658 1016 2696 causa
1026 2640 1128 2696 factum
1140 2643 1185 2703 sit,

211 2727 354 2797 aceteris,
371 2726 403 2782 de
419 2726 517 2800 quihus
532 2727 613 2783 simul
628 2727 714 2782 locuti
729 2743 838 2798 sumus,
860 2743 893 2782 eo
910 2726 1014 2797 diflert,
1037 2725 1112 2798 quod
1128 2727 1185 2780 eius

211 2819 306 2865 natura
322 2813 402 2866 tacite
417 2813 584 2883 continetur,
600 2819 646 2882 nt,
663 2813 709 2884 qui
724 2811 819 2866 iudicis
835 2812 910 2866 iussu
925 2813 1010 2884 ipsum
1025 2826 1085 2864 reru
1101 2812 1185 2865 actori

210 2895 347 2966 restituat,
363 2894 526 2951 absolvatur.
559 2896 632 2969 quod
647 2897 675 2950 iu
690 2896 788 2951 ceteris
804 2894 908 2950 casibus
929 2911 984 2951 nou
1006 2897 1044 2950 ita
1059 2901 1122 2966 est,
1138 2895 1186 2950 sed

211 2980 366 3035 omnimodo
388 2983 504 3052 quisque
525 2981 553 3035 in
575 2980 756 3053 quadruplum
777 2979 986 3051 condemnatur,
1009 2977 1086 3052 quod
1103 2985 1145 3034 est
1162 2987 1186 3033 et

210 3065 237 3118 iu
253 3063 318 3119 furti
332 3064 466 3119 manifesti
482 3065 597 3120 actione.

281 3292 298 3354 ¹)
318 3297 387 3342 turulfi
404 3297 478 3343 codd.
498 3263 577 3354 inser.
597 3302 622 3344 et
643 3296 763 3360 Tdeopfr„
783 3298 827 3361 qui
847 3296 894 3347 doc
910 3297 1072 3360 propositum
1093 3314 1125 3347 ac
1144 3301 1185 3348 do·

210 3363 259 3408 lum
277 3361 374 3424 exigui,-
393 3361 538 3425 exegerint
556 3364 631 3412 codd.
649 3371 698 3415 vet.
717 3365 777 3413 edd,
797 3364 872 3415 Scir.
892 3371 917 3413 ef
934 3363 985 3417 Kr.
1066 3364 1090 3426 ²)
1110 3367 1145 3419 L.
1165 3369 1185 3417 2.

209 3425 375 3540 gfflizstpm
399 3434 452 3490 pet.
481 3427 515 3490 (3,
536 3423 587 3492 10).
609 3531 610 3539 ἵ
676 3428 696 3492 ⁸)
715 3433 750 3480 L.
768 3433 794 3482 5.
821 3431 849 3481 C.
875 3434 909 3481 de
934 3439 1019 3496 spurt.
1049 3429 1087 3496 (3,
1108 3433 1135 3496 2)
1164 3441 1185 3482 ut
