2486 3916
228 185 265 219 nu
284 184 352 220 nunu
371 183 555 222 Pnnsouunuu
573 196 607 206 -
624 185 660 218 un
680 184 817 220 munuum
836 170 858 234 Ι,
872 172 897 222 3.
911 173 936 219 4.
1042 169 1060 231 7

518 369 575 410 ‘Hm
589 369 632 409 ΠΙ.

358 457 409 506 DE
429 455 516 506 1qu
536 455 793 508 PERSONARUM.

129 575 135 592 ¹
157 590 291 652 ¹Summa
304 597 395 668 itaque
410 595 505 651 divisio
520 595 554 652 de
569 597 628 651 iure
642 611 818 668 personarum
832 597 897 654 hoec
911 605 969 668 est,
985 597 1060 670 quod
1077 607 1113 646 Pr.

88 698 187 740 omues
204 681 327 736 homines
343 687 389 736 aut
403 679 481 736 liberi
496 688 561 736 sunt
576 687 622 736 eut
637 682 717 736 servi.
756 673 813 736 ²tu
828 680 936 738 libertos
953 682 1060 756 quidem
1080 676 1094 722 l

88 775 148 838 est,
165 782 199 822 ox
214 781 267 839 quo
282 763 456 822 ctinm'liberi
470 772 616 836 vocentur,
632 764 761 820 naturalis
777 764 890 822 facultas
903 767 971 837 ciue,
987 766 1061 839 quod

89 854 190 925 cuique
211 850 299 905 iacere
320 848 400 920 libet,
421 849 473 904 nisi
496 850 519 904 si
540 849 605 923 quid
626 850 717 904 uutvi
739 855 785 904 eut
808 851 867 906 iure
886 849 1059 924 prohibetur.

89 936 214 991 Servitus
231 942 320 990 cutem
337 940 379 990 est
395 935 557 990 constitutio
572 935 638 988 iuris
650 935 788 1008 gentium,
805 951 858 1008 qun
870 936 930 1008 quis
942 935 1061 990 dominio
1080 933 1095 978 2

89 1020 181 1076 alieno
197 1026 293 1076 contra
308 1026 430 1074 naturum
446 1017 587 1074 subicitur.
624 1017 700 1074 Servi
716 1026 806 1074 eutem
827 1036 859 1075 ex
880 1035 913 1075 eo
935 1019 1062 1093 appellati
1080 1017 1095 1064 3

90 1111 175 1176 sunt,
197 1103 272 1177 quod
292 1103 470 1176 imperotores
492 1103 611 1176 captivos
637 1103 753 1177 vendere
775 1102 870 1160 iubent
890 1119 920 1160 uc
939 1119 989 1178 per
1009 1104 1062 1160 hoc

90 1205 202 1245 servare
222 1203 273 1244 nec
295 1186 418 1243 occidere
445 1186 550 1243 solent:
577 1188 624 1260 qui
650 1188 730 1243 etiam
751 1189 880 1264 mancipio
902 1187 967 1244 dicti
986 1195 1060 1260 sunt,

90 1273 168 1346 quod
183 1271 215 1327 oh
232 1271 355 1328 hostibus
371 1287 451 1328 mauu
466 1273 618 1346 cupiuntur.
657 1271 733 1328 Servi
748 1279 838 1328 autem
852 1280 899 1329 eut
914 1281 1063 1330 naseuntur
1079 1270 1096 1318 4

91 1365 140 1413 aut
156 1356 234 1412 fiunt.
271 1364 420 1412 nuscuntur
440 1371 473 1412 ex
494 1356 597 1412 ancillis
618 1357 733 1412 nostris:
760 1354 829 1412 fiunt
849 1364 896 1412 out
915 1359 975 1412 iure
995 1373 1062 1432 geu·

92 1444 180 1514 tium,
201 1441 285 1497 idest
300 1457 333 1496 ex
348 1441 518 1515 captivitate,
541 1442 609 1495 aut
601 1457 661 1496 mre
676 1440 770 1512 civili,-
783 1435 888 1496 veluti³
902 1458 964 1496 cum
979 1442 1061 1497 homo

90 1526 164 1582 iiber
183 1511 267 1581 moion
287 1527 384 1599 viginti
404 1526 482 1582 annis
508 1524 540 1580 ed
560 1526 678 1599 pretium
700 1525 913 1598 participandum
935 1541 997 1581 sese
1017 1541 1062 1580 ve·

90 1610 217 1666 numdcri
232 1627 327 1684 pessus
350 1617 402 1668 est.
437 1609 467 1666 In
488 1625 628 1677 servorum
649 1609 809 1666 condicione
823 1609 898 1666 nulle
912 1609 1062 1666 differentia
1080 1610 1096 1658 5

90 1703 143 1752 est.
183 1697 211 1752 in
226 1694 317 1750 liberis
332 1695 433 1751 multoc
448 1693 614 1750 differentiae
630 1701 708 1750 suut:
724 1701 770 1750 out
785 1695 856 1752 enim
872 1696 984 1770 ingenui
997 1703 1062 1752 sunt

90 1787 138 1836 out
153 1779 283 1836 libertini.

523 1959 581 2000 um.
593 1961 633 1999 ιιι.

449 2045 500 2096 Du
522 2045 706 2098 INGENUIS.

156 2188 296 2261 Ingenuus
311 2187 333 2242 is
349 2192 406 2256 cst,
428 2187 596 2258 quistatim,
620 2192 651 2240 ut
664 2193 744 2240 notus
760 2192 817 2255 est,
838 2183 907 2240 liber
925 2192 983 2256 est,
1004 2185 1061 2240 sive
1079 2213 1114 2252 p.

91 2291 128 2329 cx
142 2271 251 2328 duobus
266 2271 392 2345 ingenuis
407 2271 580 2326 matrimonio
596 2269 700 2341 editus,
722 2270 778 2325 sive
793 2285 826 2324 eu
841 2267 1064 2340 libertinis‚fsive

92 2375 127 2414 cn
148 2356 236 2412 altero
257 2355 396 2426 libertino,
417 2354 503 2411 altero
523 2357 671 2427 ingenuo·
692 2353 741 2410 sed
762 2361 789 2409 et
811 2355 835 2409 si
850 2355 910 2427 quis
925 2369 959 2409 ex
978 2362 1065 2410 matre

91 2441 179 2498 libere
199 2447 340 2512 noscatur,
360 2446 437 2513 petre
457 2455 553 2510 servo,
573 2440 710 2512 ingenuus
724 2437 810 2494 nihilo
826 2439 914 2494 miuus
929 2440 1064 2496 nascitur:

93 2524 321 2600 quemadmodum
337 2525 384 2598 qui
399 2539 431 2578 ex
446 2529 531 2579 matre
551 2522 635 2578 libera
657 2531 684 2582 ct
697 2526 803 2580 incerto
823 2530 995 2598 patronatus
1011 2531 1064 2595 est,

94 2611 225 2685 quonium
240 2609 324 2684 vulgo
348 2615 496 2682 conceptus
518 2615 568 2664 est.
607 2601 728 2664 ⁴sufficit
748 2614 838 2664 eutem
853 2607 963 2664 liberum
979 2607 1064 2664 fuisse

94 2701 211 2752 matrem
226 2711 259 2750 eo
276 2701 414 2767 tempore,
431 2709 485 2766 quo
502 2694 636 2764 noscitur,
652 2693 715 2749 licet
731 2692 826 2748 ancilla
841 2694 1007 2766 conceperit.
1037 2699 1065 2748 et

94 2797 129 2836 en
144 2781 281 2835 contrario
303 2780 326 2834 si
340 2777 430 2834 iibere
450 2779 621 2851 conceperit,
645 2776 742 2834 deinde
762 2777 857 2833 ancilla
878 2776 948 2832 iactu
967 2778 1063 2850 pariat,

92 2864 198 2939 placuit
213 2881 291 2936 eum,
313 2864 360 2936 qui
374 2864 509 2933 nuscitur,
530 2861 644 2918 liberum
667 2862 755 2932 uesci,
778 2862 911 2934 quianon
926 2859 1007 2917 debet
1022 2879 1064 2918 cu·

95 2949 201 3005 limitas
217 2949 310 3004 matris
332 2949 357 3003 ei
377 2963 492 3018 nocere,
519 2947 614 3020 quiin
637 2953 715 3002 utero
737 2953 788 3002 est.
827 2963 860 3002 eu
880 2947 923 3002 his
949 2953 977 3002 ct
997 2946 1065 3003 illud

166 3196 222 3262 1ρ)
223 3215 246 3250 r.
266 3198 372 3248 ἐπῆν-ε
338 3197 446 3248 -θιιί,
466 3198 495 3256 1,
518 3198 543 3250 9.
569 3197 602 3245 L.
622 3198 645 3246 3.
665 3197 699 3245 Ι).
727 3197 759 3246 de
785 3202 855 3246 ototu
877 3196 941 3248 tom.
967 3194 1007 3260 (1,
1026 3197 1064 3259 5).

95 3263 176 3332 ²)55.
153 3265 353 3327 51-3=L
367 3267 392 3318 4.
405 3265 438 3318 Ι).
458 3265 517 3316 eod.
537 3279 572 3314 ecc
584 3263 761 3314 Florentinil.
776 3265 885 3315 9inott't.
938 3259 959 3328 ³)
978 3263 1066 3314 veluti

96 3350 144 3386 om.
164 3348 248 3384 omnen
270 3334 347 3384 codd.
370 3339 396 3383 ct
413 3335 474 3386 edd.
495 3333 544 3384 ced
566 3325 628 3382 οἷον
654 3331 766 3395 Theoplt.
853 3330 911 3396 ⁴)p
912 3348 935 3384 r.
953 3332 1020 3392 et5
1040 3334 1063 3382 1

94 3403 282 3467 partim=l1.
300 3402 325 3452 ὅ.
345 3401 385 3464 55.
404 3398 429 3452 Ξ.
448 3403 472 3454 3.
491 3399 524 3454 D.
548 3399 581 3450 de
598 3405 668 3451 elatu
690 3399 754 3451 loom.
774 3397 815 3464 (1,
834 3399 862 3462 ὅ)
881 3415 916 3448 ecc
933 3397 1067 3448 Marciani

96 3474 113 3523 l.
134 3471 148 3520 1
167 3471 247 3520 instit.
