2464 3916
171 185 233 252 134
306 202 341 237 ns
361 198 529 236 ruurrnrsns
547 198 802 236 srrrunurronxncs
821 183 873 247 ΙΙΙ,
893 187 924 235 19
943 183 1003 248 (20).

169 344 270 402 inutilis
294 351 336 398 est
355 341 512 416 stipulatio,
529 343 552 397 si
574 343 634 415 quis
656 339 687 396 ad
709 358 754 412 ea,
777 357 844 415 quae
864 341 1053 414 interrogatus
1076 341 1140 411 erit,

168 445 224 485 non
239 426 417 501 respondeat,
433 426 516 482 veluti
531 427 554 482 si
569 426 662 482 decem
678 441 774 482 aureos
790 443 804 480 a
821 434 848 480 te
863 425 920 480 dari
936 425 1096 498 stipuletur,
1111 433 1142 480 tu

170 513 290 586 qtdrrque
310 513 471 585 promittas,
493 510 535 568 vel
550 519 659 566 contra:
674 519 721 566 aut
736 512 759 565 si
779 509 826 566 ille
846 525 913 584 pure
929 509 1095 583 stipuletur,
1112 517 1142 564 tn

168 595 219 652 sub
240 596 400 652 condicione
421 598 576 669 promittas,
599 595 641 650 vel
662 603 774 666 eontra,
795 596 818 650 si
834 593 915 650 modo
931 593 1037 649 seilicet
1051 593 1081 649 id
1096 609 1141 648 ex-

168 682 283 755 primas,
304 680 332 736 id
353 689 395 735 est
416 681 439 735 sl
454 681 497 736 oui
512 679 563 735 sub
578 678 737 736 condicione
752 679 794 735 vel
814 681 842 734 in
864 678 935 734 diem
949 678 1093 752 stipulanti
1112 686 1142 732 tn
1221 751 1222 754 Ἴ

168 764 348 840 respondeas:
364 779 538 822 entnsnxsrx
552 779 607 820 ure
622 775 774 822 seonono.
810 780 871 819 uam
887 765 910 818 si
926 763 978 820 hoe
993 762 1085 818 solnm
1101 779 1141 818 re·
1221 763 1222 770 ’

169 849 303 924 spondeas
318 863 495 921 rnou1rr0,
511 847 629 904 breviter
643 849 741 904 videris
757 850 785 904 in
801 847 912 904 eandem
928 847 998 904 diem
1014 855 1062 902 aut
1078 863 1142 902 eon·

168 934 301 990 dicionem
321 933 514 1007 spopondisse:
541 949 591 988 neo
611 934 682 988 eairu
704 948 815 989 necesse
836 941 878 988 est
900 933 926 987 in
947 931 1141 1005 respondendo

134 1026 151 1073 6
169 1018 260 1075 eadem
277 1020 366 1074 omnia
380 1019 481 1092 repeti,
498 1033 567 1091 quae
582 1017 728 1090 stipulator
743 1018 917 1090 expresserit.
957 1009 1043 1072 ¹ltem
1059 1017 1141 1071 inuti-

168 1103 201 1159 lis
224 1111 266 1158 est
286 1101 443 1176 stipulatio,
468 1104 492 1158 si
513 1101 545 1156 ab
565 1119 598 1157 eo
614 1101 769 1176 stipuleris,
796 1102 842 1175 qui
863 1102 915 1157 iuri
936 1109 984 1157 tuo
1000 1099 1139 1156 subiectus

168 1195 225 1258 est,
250 1187 291 1242 vel
312 1189 335 1242 si
349 1189 371 1242 is
386 1205 401 1242 a
416 1195 444 1242 te
458 1186 614 1261 stipuletur.
659 1185 708 1242 sed
728 1202 823 1241 servus
844 1185 953 1258 qaddem
974 1201 1030 1241 uon
1050 1185 1140 1241 solnm

168 1271 278 1327 domino
294 1287 345 1327 suo
367 1270 480 1345 obligari
501 1287 556 1326 non
577 1279 685 1344 potest,
706 1269 755 1325 sed
770 1286 804 1326 ne
819 1269 863 1325 alii
884 1269 993 1343 quidem
1009 1269 1072 1325 ulli:
1095 1267 1141 1324 lilii

135 1365 233 1413 ivero
259 1355 370 1412 lamilias
392 1355 449 1411 aliis
470 1355 585 1430 obligari
610 1363 736 1428 possunt.
783 1353 885 1410 llutum
906 1369 995 1428 neque
1016 1354 1141 1428 stipulari

168 1456 257 1514 neque
270 1442 431 1514 promittere
446 1456 528 1514 posse
543 1439 629 1513 palam
641 1448 693 1496 est.
724 1439 797 1511 quod
814 1446 841 1494 et
855 1440 883 1494 in
900 1438 983 1495 surdo
998 1447 1141 1512 receptum

168 1532 224 1580 est:
246 1526 415 1598 quiretis,
438 1527 484 1599 qui
505 1523 666 1598 stipulatur,
688 1522 768 1579 verba
789 1524 973 1596 promittentis
989 1531 1018 1579 et
1032 1524 1072 1595 is,
1094 1525 1141 1597 qui

167 1610 317 1682 promittit,
338 1607 417 1665 verba
437 1609 592 1684 stipulantis
611 1608 704 1664 audire
719 1607 809 1664 debet.
847 1608 918 1664 unde
932 1617 1062 1682 apparet,
1085 1625 1140 1664 uon

168 1693 201 1748 de
216 1710 249 1748 eo
265 1709 316 1748 nos
332 1693 422 1766 loqui,
445 1696 491 1766 qni
512 1692 614 1748 tardius
634 1692 758 1764 exaudit,
779 1691 827 1748 sed
843 1691 876 1747 de
892 1708 942 1764 eo,
965 1694 1012 1766 qui
1028 1694 1139 1748 omnino

133 1785 150 1835 8
168 1793 222 1832 uon
238 1777 354 1832 exaudit.
400 1775 530 1832 l'nriosns
552 1776 656 1831 nullum
678 1778 819 1851 negotium
840 1793 935 1850 gerere
950 1785 1061 1851 potest,
1077 1778 1139 1850 quia

134 1865 150 1912 9
169 1875 223 1915 non
239 1859 389 1934 intellegit,
406 1860 470 1933 quid
486 1861 550 1936 agit.
582 1859 703 1934 Pupillus
714 1875 794 1918 omne
806 1863 948 1936 negotium
960 1868 1036 1918 recte
1051 1863 1138 1936 gerit:

168 1952 198 1998 ut
218 1952 321 2015 tamen,
342 1943 427 2001 sicubi
451 1947 549 2000 tutoris
569 1946 717 2000 auotoritas
738 1947 887 2002 neeessaria
907 1947 958 2017 sit,
979 1945 1136 2002 adhibeatur

168 2036 258 2100 tutor,
279 2029 364 2086 veluti
385 2031 408 2085 si
423 2031 481 2103 ipse
497 2028 648 2104 obligetur:
669 2029 828 2086 namatium
849 2028 900 2085 sibi
921 2029 1042 2104 obligare
1058 2031 1139 2086 etiam

119 2118 151 2167 10
168 2113 226 2170 sine
242 2115 342 2170 tutoris
358 2116 517 2171 auctoritate
531 2122 634 2189 potest.
679 2113 732 2170 Sed
748 2114 822 2186 quod
836 2114 952 2170 diximus
967 2115 1002 2170 de
1016 2113 1139 2188 pupillis,

168 2199 263 2272 utique
278 2199 311 2254 de
328 2200 368 2256 bis
384 2215 477 2254 verum
492 2207 551 2272 est,
573 2200 620 2273 qui
640 2200 692 2254 iam
707 2198 823 2272 aliquem
840 2199 1008 2256 intellectum
1024 2198 1138 2260 habeon

168 2299 227 2338 nam
243 2283 330 2338 inians
347 2292 374 2339 et
395 2284 441 2357 qui
456 2275 606 2340 inlantiae²
626 2284 764 2357 proximus
786 2291 843 2354 est,
864 2299 920 2339 non
935 2283 1052 2340 multum
1067 2282 1140 2338 ain-

167 2368 241 2422 rioso
268 2367 385 2438 distant,
412 2369 474 2441 qnia
501 2369 580 2422 buius
605 2369 700 2422 aetatis
726 2367 821 2441 pupilli
843 2367 947 2424 nullum
968 2367 1138 2424 intellectum

168 2448 281 2505 babent:
311 2451 407 2506 sedin
427 2453 555 2524 proximis
576 2445 724 2507 infantiae²
744 2458 858 2526 propter
878 2451 1022 2508 utilitatem
1041 2467 1139 2508 eorum
1224 2493 1225 2522 2

167 2533 312 2608 benignior
332 2536 399 2590 iuris
420 2536 608 2608 interpretatio
624 2534 692 2591 lacta
708 2543 766 2607 est,
789 2543 819 2592 nt
838 2536 908 2592 idem
928 2538 995 2592 iuris
1011 2535 1138 2608 habeant,
1223 2537 1225 2606 ἐ

167 2619 240 2692 quod
261 2617 397 2692 pubertati
412 2621 538 2694 proximi.
574 2619 623 2674 sed
638 2622 684 2694 qui
699 2622 726 2676 in
743 2623 863 2695 parentis
878 2629 1015 2694 potestate
1031 2631 1074 2678 est
1088 2622 1139 2677 im·
1224 2627 1225 2670 1

118 2703 148 2752 ll
168 2701 271 2776 pubes,
293 2721 343 2760 neo
363 2713 475 2760 auctore
496 2703 602 2778 quidem
624 2713 700 2778 patre
722 2704 867 2780 obligatur.
912 2705 939 2762 Si
961 2704 1138 2779 impossibilis
1223 2689 1225 2710 ¹

166 2787 288 2845 condicio
310 2787 519 2863 obligationibus
545 2788 688 2861 adiciatur,
712 2789 778 2845 nihil
803 2790 873 2846 valet
896 2790 1047 2864 stipulatio.
1089 2792 1138 2845 im-

166 2872 302 2943 possibilis
318 2883 407 2929 autem
423 2869 546 2930 ¹eondioio
558 2872 691 2946 liabetur,
707 2875 750 2930 oui
765 2883 859 2930 natura
874 2875 1068 2949 impedimento
1084 2885 1137 2946 est,

166 2969 221 3028 qno
236 2957 325 3034 minus
340 2960 452 3029 existat,
474 2958 557 3014 veluti
572 2960 594 3014 si
611 2960 672 3032 quis
689 2960 725 3014 ita
746 2958 858 3015 dixerit:
890 2973 1048 3018 s1ore1ro
1065 2974 1138 3016 enu-
1224 2999 1225 3008 .

165 3055 230 3097 nun
245 3055 420 3115 arrrnnno,
441 3059 524 3101 onan
542 3044 699 3101 senonas?
720 3053 748 3099 at
767 3045 790 3098 si
806 3045 842 3098 ita
858 3043 1021 3119 stipuletur,
1046 3058 1075 3101 sr
1090 3060 1139 3100 ox·
1224 3085 1225 3132 ;

167 3187 370 3198 ..α-ῳ-ἡ

236 3271 253 3335 1)
272 3275 626 3339 §§.6...10.sere=dot
645 3279 670 3334 e,
691 3277 847 3329 roa...1or.
866 3279 914 3327 roo
932 3283 958 3326 er
977 3277 1009 3327 u.
1026 3279 1048 3326 t.
1067 3277 1090 3336 e.
1106 3279 1138 3328 15
1223 3255 1224 3258 ’

163 3341 207 3400 fin.
226 3341 258 3390 D.
285 3344 317 3392 de
343 3343 393 3393 obl.
421 3351 447 3394 et
464 3352 515 3394 aet.
536 3345 591 3404 (44,
610 3343 636 3406 'll
663 3361 699 3394 ex
726 3343 785 3394 data·
810 3346 862 3394 ΙΙ
888 3361 942 3396 rer.
971 3352 1044 3410 quot.
1115 3342 1137 3475 ἓξ

165 3405 281 3524 Zbgpplb
297 3410 399 3529 infeppi
417 3410 501 3462 Sellol.
516 3409 661 3478 Bouttos.
679 3413 792 3476 Tteopt.
809 3413 850 3466 ed.
870 3413 950 3465 Reitz.
973 3412 1016 3462 II.
1034 3429 1061 3477 p.
1075 3414 1127 3464 940

233 3513 239 3527 .
283 3493 349 3528 oue
391 3517 396 3527 .
