2464 3916
314 233 348 268 nu
370 233 522 270 socrnrurn
541 221 640 282 111,25
658 216 722 286 (ab).
957 217 1019 281 145

60 391 133 448 saepe
155 391 233 448 opera
254 375 364 431 alicuius
379 391 429 449 pro
446 377 560 450 pecunia
576 375 655 431 valet.
693 383 720 431 et
735 376 801 431 adeo
818 384 913 432 contra
928 375 1019 444 Quinti

61 458 130 514 Mucii
151 461 308 514 sententiam
331 458 463 532 obtinuit,
484 470 515 516 ut
535 460 602 516 illud
624 475 733 534 quoque
748 463 916 532 constiterit,
937 478 1019 535 posse

59 545 210 614 convenire,
237 551 267 598 ut
286 545 345 617 quis
366 544 433 600 lucri
453 553 557 619 partem
578 545 663 616 serat,
690 545 787 600 damno
807 563 862 601 non
883 554 1018 617 teneatur,

61 627 126 700 quod
153 635 180 683 et
204 629 290 702 ipsum
312 627 419 684 Servius
446 631 639 686 convenienter
663 628 713 684 sibi
740 631 915 685 existimavit:
946 631 1019 704 quod

61 720 142 768 tamen
162 713 197 767 ita
218 711 340 787 intellegi
356 721 482 787 oportet,
501 711 549 785 ut,
565 716 588 770 si
603 716 630 769 in
645 713 778 787 aliquare
793 713 912 785 lucrum,
930 716 957 770 in
973 716 1019 771 ali-

60 813 105 868 qua
126 796 249 852 damnum
270 797 378 852 allatum
398 800 448 870 sit,
476 800 695 873 compensatione
719 798 803 868 laeta,
831 797 918 854 solum
946 801 1019 872 quod

60 889 187 954 superest,
200 881 374 956 intellegatur
389 881 456 938 lucri
472 899 541 938 esse.
571 882 641 939 lllud
657 881 810 956 expeditum
822 891 874 953 est,
890 884 913 938 si
928 885 954 938 in
967 900 1020 940 una
1038 893 1053 940 3

59 981 131 1020 causa
155 981 217 1038 pars
243 965 324 1022 luerit
345 983 487 1040 expressa,
514 967 598 1023 veluti
621 969 649 1022 in
670 967 730 1022 solo
751 967 828 1023 lucro
845 967 888 1022 vel
909 969 936 1022 iu
958 968 1018 1024 solo

59 1049 164 1120 damno,
184 1051 210 1104 in
233 1049 315 1106 altera
335 1067 400 1107 vero
421 1053 534 1108 omissa:
559 1053 588 1108 in
604 1069 636 1108 ee
658 1067 783 1125 quoque,
806 1051 879 1126 quod
899 1061 1020 1126 praeter-

59 1135 161 1188 missum
183 1142 240 1205 est,
266 1134 376 1191 eandem
396 1143 500 1209 partem
515 1137 624 1192 servari.
671 1129 776 1192 ¹llanet
797 1143 886 1192 autern
903 1138 1018 1193 societas
1037 1140 1053 1187 4

59 1234 89 1273 eo
103 1235 202 1290 usque,
223 1218 310 1274 donee
329 1221 357 1275 in
378 1219 473 1276 eodem
494 1237 629 1277 consensu
648 1221 893 1294 perseveraverint:
916 1230 943 1276 at
958 1239 1019 1278 com

16 1347 18 1368 ,
61 1301 150 1374 aliquis
169 1304 360 1360 renuntiaverit
379 1307 517 1377 societati,
539 1306 655 1361 solvitur
674 1306 798 1361 societas.
840 1305 888 1360 sed
903 1306 981 1379 plane
996 1308 1019 1361 si

16 1383 17 1392 ’
60 1387 115 1458 quis
136 1385 227 1442 callide
247 1389 275 1443 in
302 1389 354 1444 boo
373 1391 568 1445 renuntiaverit
589 1391 727 1460 societati,
755 1397 787 1444 ut
807 1388 952 1445 obveniens
973 1390 1019 1445 ali·

59 1470 127 1542 quod
146 1471 249 1526 lucrum
265 1472 340 1528 solus
356 1472 466 1544 habeat,
488 1473 572 1529 veluti
587 1477 610 1529 si
632 1481 754 1530 totorum
769 1473 903 1530 bonorum
919 1475 1019 1545 socius,
1051 1491 1055 1501 ·

57 1571 113 1609 cum
128 1553 159 1610 ab
175 1555 264 1629 aliquo
280 1557 358 1612 heres
375 1565 448 1613 esset
462 1558 589 1630 relictus,
609 1560 636 1634 in
658 1559 711 1613 boo
725 1559 919 1614 renuntiaverit
934 1560 1020 1614 socie-

57 1641 114 1711 tati,
143 1647 172 1694 ut
197 1641 371 1698 hereditatem
397 1641 472 1698 solus
498 1642 683 1713 lucrifaceret,
710 1643 818 1716 cogitur
843 1643 895 1698 hoc
914 1643 1018 1698 lucrum

57 1725 262 1780 communicare:
286 1727 309 1780 si
325 1725 389 1799 quid
404 1743 468 1782 vero
484 1726 555 1782 aliud
571 1727 756 1797 lucrifaceret,
772 1725 845 1801 quod
860 1743 916 1783 non
931 1735 1019 1802 capta-

56 1810 134 1878 rerit,
155 1809 187 1864 ad
207 1811 295 1882 ipsum
316 1810 405 1866 solum
420 1811 550 1884 pertinet:
573 1813 598 1867 ei
612 1828 693 1881 vero,
709 1813 752 1867 oui
768 1814 951 1868 renuntiatum
967 1822 1019 1884 est,

57 1892 181 1966 quidquid
197 1895 305 1950 omnino
326 1903 389 1968 post
405 1897 585 1951 renuntiatam
601 1897 758 1952 societatem
780 1897 946 1969 adquiritur,
968 1898 1019 1953 soli

56 1977 217 2033 conceditur.
255 1970 394 2034 ²Solvitur
414 1979 501 2035 adlruc
523 1981 639 2035 societas
655 1981 735 2034 etiam
750 1988 838 2034 morte
853 1982 934 2049 socii,
957 1983 1019 2052 quia
1038 1991 1053 2038 5

55 2063 98 2132 qui
112 2063 267 2119 societatem
283 2064 433 2133 contrahit,
454 2071 553 2119 certam
568 2079 713 2137 personam
729 2062 778 2118 sibi
794 2063 886 2136 elegit.
927 2063 975 2118 sed
993 2073 1020 2118 et
1036 2063 1042 2077 “

54 2146 76 2199 si
89 2161 223 2202 consensu
236 2147 355 2221 plurium
370 2149 486 2204 societas
502 2149 572 2204 coita
586 2149 637 2216 sit,
659 2154 747 2202 morte
762 2147 841 2202 unius
857 2147 924 2202 socii
939 2146 1020 2201 solvi·

55 2237 109 2300 tur,
131 2231 184 2286 etsi
203 2231 296 2304 plures
316 2233 470 2306 supersint,
491 2233 543 2288 nisi
564 2233 634 2287 siin
655 2229 776 2287 coeunda
792 2231 922 2286 societate
943 2229 1021 2286 aliter

54 2317 215 2371 convenerit.
258 2317 326 2372 ltem
346 2318 368 2372 si
389 2316 501 2372 alicuius
522 2318 560 2372 rei
582 2322 721 2372 contracta
736 2316 851 2370 societas
867 2315 903 2370 sit
918 2322 945 2370 et
960 2312 1019 2371 linis
1039 2325 1053 2374 6

53 2400 161 2472 negotio
183 2401 326 2475 impositus
348 2409 404 2472 est,
426 2399 521 2457 linitur
539 2387 665 2456 societas.
709 2398 894 2456 Publicatioue
910 2410 1054 2473 quoquet

54 2481 163 2546 distrahi
183 2486 341 2542 societatem
361 2485 533 2541 manifestum
554 2493 610 2556 est,
636 2485 738 2542 scilieet
762 2487 785 2540 si
805 2486 928 2540 universa
949 2484 1020 2540 bona

52 2568 119 2621 socii
132 2567 317 2640 publicentur:
343 2586 404 2625 nam
426 2587 487 2626 cum
507 2571 608 2625 ineius
625 2569 716 2625 locum
730 2569 797 2624 alius
813 2569 948 2639 succedit,
969 2586 1019 2642 pro

52 2660 159 2708 mortuo
181 2652 305 2709 babetur.
349 2653 421 2709 ltem¹
431 2655 453 2710 si
469 2656 529 2728 quis
546 2671 578 2709 er
593 2655 689 2725 sociis,
711 2653 783 2710 mole
797 2651 879 2708 debiti
894 2669 1020 2726 praegra·
1039 2661 1053 2709 8

52 2741 143 2808 vatus,
163 2735 242 2792 bonis
263 2732 448 2794 suis'cesserit
469 2747 496 2794 et
516 2738 577 2792 ideo
598 2746 712 2810 propter
726 2736 832 2812 publica
847 2743 892 2791 aut
906 2743 1020 2808 propter

52 2819 153 2890 privata
172 2819 262 2877 debita
281 2823 432 2878 substantia
455 2825 512 2878 eius
534 2829 644 2892 veneat,
670 2821 785 2878 solvitur
804 2821 929 2876 societas.
972 2819 1020 2874 sed

52 2901 105 2958 boc
119 2921 183 2961 casu
197 2907 221 2961 si
241 2906 329 2963 adhue
344 2908 515 2962 consentiant
535 2907 563 2961 in
578 2907 753 2977 societatem,
774 2921 844 2960 nova
858 2903 965 2959 videtur
981 2905 1021 2958 in-

52 2987 139 3059 cipere
155 2991 280 3048 sooietas.
326 2991 421 3047 Soeius
437 2991 511 3046 socio
528 2998 620 3045 utrum
635 3005 668 3045 eo
683 2991 791 3046 nomine
812 2995 915 3044 tantum
932 2996 1020 3044 tenca·
1039 3000 1056 3048 9

53 3078 97 3125 tur
110 3091 161 3146 pro
176 3075 252 3130 socio
268 3077 390 3146 actione,
411 3076 433 3130 si
456 3075 522 3152 quid
544 3073 608 3130 dolo
629 3074 808 3144 commiserit,
829 3073 899 3128 sicut
913 3073 952 3142 is,
975 3073 1021 3144 qui

53 3153 149 3229 deponi
172 3159 244 3234 apud
265 3177 295 3216 se
315 3177 412 3234 passus
433 3167 490 3232 est,
517 3175 550 3215 an
571 3159 650 3214 etiam
665 3157 775 3232 culpae,
796 3155 822 3212 id
844 3163 885 3211 est
906 3155 1021 3210 desidiae

54 3287 257 3300 *Q*

119 3373 141 3442 ¹)
157 3379 217 3440 fere
235 3397 269 3418 =
289 3377 346 3426 Gai.
365 3377 389 3432 3,
409 3376 466 3427 151.
546 3371 568 3438 ²)
587 3373 627 3434 ἐξ.
645 3373 737 3424 5...7.
754 3392 788 3412 =
808 3369 864 3421 Gai.
883 3371 908 3428 3,
929 3369 977 3418 152
996 3375 1022 3417 et

50 3439 212 3560 ἔάὅξπὲἓ.
232 3446 256 3498 9.
277 3445 317 3494 10.
338 3445 379 3496 1n.
399 3444 433 3492 D.
459 3457 509 3506 pro
527 3457 579 3492 aec.
600 3441 650 3504 (l'i,
671 3435 696 3505 1)
725 3454 760 3488 ex
785 3437 873 3486 Paulli
900 3439 916 3484 l.
936 3437 968 3486 32
988 3440 1023 3484 ad

83 3605 247 3646 rasurarum
265 3607 494 3648 1usu1nvn10nns.
830 3590 870 3648 10
