2486 3916
187 189 230 258 80
298 207 333 243 os
353 205 488 243 nannoni:
506 204 667 248 ennarrans
686 203 720 240 ar
738 203 935 238 orsrsnanrxn
952 189 991 250 rt,
1011 190 1053 242 19.

186 350 272 406 rentis
296 363 375 421 quam
399 349 521 421 ipsorum
547 345 618 402 bona
641 337 789 402 similiter¹
815 362 831 400 a
855 343 1039 402 creditoribus
1069 346 1157 418 possi·

187 433 311 488 deantur.

154 535 170 583 3
251 509 381 586 ²Ceteri,
408 517 455 590 qni
481 516 620 571 testatoris
646 515 698 570 iuri
719 512 835 570 subiecti
855 530 912 570 nou
926 521 1008 584 snat,
1035 516 1157 569 extranei
1221 551 1222 564 ,

188 599 302 656 heredes
319 599 499 674 appellantur.
537 602 630 673 itaque
645 597 723 654 liberi
746 613 858 672 quoqne
873 599 980 668 nostri,
1003 599 1050 672 qni
1065 599 1096 654 iu
1110 615 1156 671 po·

187 692 286 740 testate
307 692 401 740 nostra
422 700 478 740 uon
499 691 579 755 sunt,
605 682 749 738 heredesa
770 681 847 738 nobis
872 683 1008 752 instituti,
1036 684 1156 737 extranei

186 768 301 824 heredes
317 768 452 824 videntur.
491 785 543 841 qna
558 767 591 822 de
607 773 729 823 causaet
749 768 796 840 qui
817 765 932 822 heredes
948 774 1065 822 amatre
1081 768 1156 822 insti-

187 861 314 924 tuuntur,
330 852 426 908 eodem
437 868 551 908 numero
563 858 638 922 sunt,
655 852 717 924 quia
729 850 843 908 iemiuae
858 852 886 906 in
901 858 1041 924 potestate
1056 849 1155 906 liberos

186 955 242 994 non
258 935 366 993 habeut.
404 952 499 991 servus
515 951 625 1010 qnoque
640 952 655 990 a
670 935 780 992 domino
796 935 874 990 heres
889 935 1035 991 institutus
1051 942 1081 990 et
1095 944 1156 1008 post

186 1029 380 1078 testamentum
400 1019 501 1076 iactum
522 1018 555 1076 ab
570 1035 604 1075 eo
619 1021 799 1076 manumissus
819 1019 917 1076 eodem
936 1035 1054 1076 numero
1076 1019 1155 1074 habe·
1223 1049 1224 1076 1

153 1122 170 1170 4
187 1113 241 1161 tnr.
279 1097 332 1160 8Ιιι
348 1105 482 1162 extraneis
497 1103 643 1160 heredibus
658 1103 726 1160 illud
742 1103 918 1175 observatur,
942 1111 972 1160 nt
987 1106 1024 1160 sit
1040 1105 1154 1160 cumeis

186 1189 342 1246 testamenti
362 1188 460 1262 factio,
486 1190 541 1244 sive
562 1190 612 1263 ipsi
632 1189 747 1245 heredes
767 1189 947 1244 instituantur
960 1191 1018 1245 sire
1043 1189 1088 1260 hi,
1111 1189 1154 1261 qui

186 1275 215 1328 in
229 1279 366 1346 potestate
382 1289 476 1329 eornm
491 1280 565 1329 sunt.
604 1281 633 1328 et
651 1272 678 1328 id
693 1272 800 1329 dnobus
814 1271 985 1348 temporibus
1000 1274 1154 1346 inspicitur,

187 1359 341 1413 testamenti
357 1357 466 1431 quidem
481 1357 560 1429 iacti,
582 1364 613 1412 ut
633 1359 787 1414 constiterit
801 1358 955 1429 institutio,
977 1359 1075 1414 mortis
1092 1374 1154 1412 vero

186 1442 342 1512 testatoris,
363 1449 395 1497 nt
415 1441 540 1498 enectum
556 1440 662 1498 habeat.
699 1442 752 1498 hoc
767 1441 882 1516 amplius
897 1449 925 1498 et
940 1459 1003 1498 cnm
1017 1437 1095 1498 adit⁴
1110 1443 1155 1497 he·

186 1525 346 1596 reditatum,
362 1542 423 1582 esse
437 1525 519 1582 debet
534 1542 594 1583 cnm
610 1543 643 1582 eo
659 1527 814 1582 testamenti
829 1525 927 1598 factio,
943 1528 1000 1583 sive
1013 1542 1086 1600 pnre
1102 1527 1154 1582 sire

187 1609 237 1664 sub
263 1609 422 1666 condicione
448 1611 527 1666 beros
552 1611 695 1666 institutus
716 1611 764 1666 sit:
789 1627 851 1668 nam
876 1613 919 1666 ins
941 1611 1050 1668 heredis
1067 1627 1101 1666 eo
1115 1611 1155 1666 vel

187 1693 300 1748 maxime
325 1700 448 1766 tempore
462 1694 659 1766 inspiciendum
675 1702 733 1765 est,
758 1711 813 1768 quo
830 1694 949 1770 adquirit
964 1695 1154 1752 hereditatem.

186 1773 275 1829 medio
290 1783 379 1830 autem
406 1783 529 1850 tempore
554 1778 625 1832 inter
650 1777 751 1833 iactum
777 1787 969 1836 testamentum
994 1787 1022 1836 et
1038 1789 1155 1836 mortem
1226 1843 1227 1858 ,

186 1859 326 1913 testatoris
356 1859 398 1914 vel
428 1859 614 1917 condicionem
639 1863 818 1920 institutionis
849 1866 1013 1922 existentem
1039 1866 1154 1922 mutatio

185 1941 252 1995 iuris
267 1941 360 1999 heredi
375 1959 431 2000 non
446 1951 543 2016 nocet,
559 1946 638 2018 qnia,
654 1953 684 2002 nt
699 1946 830 2020 diximus,
850 1951 903 2005 tria
917 1957 1043 2024 tempora
1057 1951 1153 2024 inspici

185 2022 294 2082 debent.
332 2030 484 2086 testamenti
507 2037 597 2086 autem
618 2030 763 2088 [uodonem
782 2049 838 2089 non
859 2033 949 2090 solum
964 2036 988 2090 is
1002 2033 1156 2090 habere-ri·

185 2108 281 2180 detur,
298 2114 345 2185 qui
360 2121 552 2169 testamentum
569 2114 656 2171 iacere
671 2123 778 2189 potest,
794 2116 841 2173 sed
857 2119 938 2173 etiam
954 2119 1051 2192 quiex
1066 2119 1155 2176 alieno

185 2200 349 2252 testamento
365 2198 407 2253 vel
423 2199 480 2270 ipse
495 2214 591 2272 capere
606 2207 699 2273 potest
713 2201 755 2256 vei
770 2201 813 2258 alii
836 2201 996 2277 adquirere,
1017 2202 1085 2259 licet
1101 2221 1156 2260 nou

183 2283 277 2350 potest
292 2279 380 2336 iacere
396 2289 597 2338 testamentum.
637 2277 688 2340 ⁵et
702 2285 764 2341 ideo
781 2294 808 2340 et
823 2283 945 2343 furiosus
966 2295 996 2343 et
1016 2295 1114 2344 mutus
1130 2298 1155 2344 et

184 2365 330 2430 postumus
347 2371 374 2418 et
389 2365 477 2420 inians
492 2373 520 2419 et
535 2364 718 2424 filiusfamilias
734 2376 762 2425 et
776 2387 871 2426 servus
883 2371 988 2428 alienus
998 2374 1154 2430 testamenti

185 2441 329 2500 factionem
345 2445 442 2502 habere
457 2447 598 2505 dicuntur:
619 2450 682 2507 licet
697 2454 768 2510 enim
783 2461 977 2512 testamentum
994 2456 1087 2514 iacere
1101 2455 1156 2514 uon

184 2533 318 2599 possunt,
334 2537 451 2588 attamen
466 2549 499 2588 ex
513 2541 677 2593 testamento
694 2537 736 2594 vel
750 2538 801 2594 sibi
816 2539 918 2596 relabi
930 2540 1077 2615 adquirere
1094 2559 1156 2616 pos·

151 2617 167 2666 5
185 2615 258 2664 sunt.
298 2604 460 2672 “Extraneis
475 2625 564 2674 autem
580 2620 725 2678 heredibus
740 2621 906 2680 deliberandi
920 2634 1046 2698 potestas
1063 2636 1109 2683 est
1123 2626 1156 2682 de

185 2756 388 2773 N

188 2923 195 2936 .
254 2855 273 2919 ¹)
291 2861 310 2911 ι’.
328 2877 351 2912 e.
366 2873 565 2943 'consequentem
589 2867 689 2922 τοίνυν
711 2871 822 2937 ibeopd.
842 2888 889 2924 aee
905 2875 985 2939 ipitur
1002 2879 1157 2928 metendum.

183 2932 327 3002 imperator
344 2937 397 2980 cat:
414 2935 499 2982 ataui
515 2933 547 2984 ab
560 2939 627 2986 omni
641 2937 793 2990 hereditatis
802 2955 831 2990 re
849 2956 882 2992 ac
899 2944 971 2994 lucro
983 2943 1157 3003 wsbnebout,

184 2989 299 3040 semeleter
316 3009 364 3046 nec
375 2999 472 3065 ‚damno
491 3003 545 3052 eins
563 3004 753 3068 afficiebantur,
771 3007 820 3058 sed
836 3009 865 3058 td
882 3012 1007 3061 commodi
1020 3012 1153 3076 ferebant,

184 3060 213 3104 ut
229 3071 280 3106 aon
296 3065 409 3144 estosed
424 3069 541 3130 parents
557 3069 624 3121 bona
641 3088 658 3122 a
675 3075 845 3125 creditoribus
860 3079 1070 3142 possiderentur.
1136 3079 1157 3142 ²)

182 3123 242 3208 (ere
259 3145 294 3167 ==
307 3127 363 3180 Get.
376 3135 400 3191 2,
420 3135 478 3188 161.
546 3135 567 3200 ³)
585 3139 611 3199 §-
628 3141 693 3193 4....
706 3142 809 3207 inspici
827 3143 932 3195 debent
946 3147 1008 3209 fere
1019 3167 1056 3189 τε
1067 3149 1102 3199 L.
1114 3151 1158 3200 49.

184 3198 208 3250 e.
227 3193 252 3245 1.
270 3195 305 3245 Ι).
324 3197 462 3252 deberent
480 3205 539 3255 inst.
559 3202 612 3271 (28,
630 3205 656 3268 ὁ)
679 3223 714 3260 em
732 3209 876 3262 florentini
893 3217 910 3267 t.
931 3216 964 3266 10
981 3217 1064 3268 instit.
1136 3216 1158 3280 ⁴)

183 3257 284 3338 B.(.⁸⁶⁰·
303 3262 389 3330 Scir.)
415 3285 469 3318 oum
489 3270 599 3336 Tbeopb.
618 3275 719 3326 adierit
745 3279 786 3328 ed.
805 3278 880 3330 Scir.
898 3280 969 3332 odiit
986 3285 1029 3334 ed.
1049 3285 1103 3338 Kr.
1123 3301 1159 3336 eae

184 3325 243 3374 alate
261 3332 338 3384 codd.
424 3334 445 3401 ⁸)
462 3337 521 3399 fere
539 3359 573 3380 ==
591 3341 626 3394 L.
645 3343 677 3392 16
692 3359 736 3407 pr.
750 3345 784 3395 D.
801 3349 846 3411 qui
862 3355 962 3404 testam.
978 3351 1034 3414 foe.
1056 3353 1112 3417 (28,
1133 3352 1158 3415 1)

182 3393 373 3519 dmm&
396 3408 414 3457 t.
435 3405 500 3468 sinp
523 3421 578 3471 rep.
663 3408 683 3471 6)
701 3411 741 3472 55.
760 3414 784 3462 5.
803 3415 828 3467 e.
846 3435 881 3456 =
900 3417 957 3470 (iai.
978 3420 1088 3480 2,162.
1109 3423 1159 3473 163
