2484 3916
186 219 222 254 nc
243 218 392 256 unsrucrrs
412 217 571 253 annuemus
590 217 626 252 er
645 217 841 254 cresconiano
860 203 884 266 I,
903 205 944 254 26.
1009 202 1051 266 33

785 276 800 298 Ι

79 368 206 432 cavetur,
220 369 251 416 ut
266 377 316 416 nec
326 360 446 434 pupillus
458 359 490 415 ad
506 359 651 433 legitimam
663 360 775 416 tutelam
788 366 900 416 vocetur
914 377 964 416 nec
976 359 1049 417 adul·

81 455 142 502 tus:
159 461 220 500 cum
237 451 294 500 erat
309 444 427 516 incivile,
443 461 502 516 eos,
519 445 565 518 qui
580 443 668 500 alieno
681 443 778 500 auxilio
793 446 820 500 in
836 443 917 500 rebus
933 448 988 502 suis
1004 445 1050 502 ad·

81 528 268 586 ministrandis
290 545 372 604 egere
392 535 544 585 noscuntur
570 536 597 584 et
616 527 667 584 sub
687 528 744 584 aliis
765 537 915 602 reguntur,
936 529 1049 586 aliorum
1176 603 1179 614 Ι

82 615 198 670 tutelam
213 613 256 668 vel
271 629 362 670 curam
377 612 478 668 subire.
508 613 581 668 Idem
597 614 667 670 etin
687 611 772 668 milite
787 612 982 670 observandum
998 623 1050 686 est,
1070 629 1102 678 14

83 707 114 754 ut
129 714 181 754 nec
195 697 289 754 voleus
305 697 337 752 ad
354 697 453 754 tutelae
465 714 562 754 munus
578 696 743 752 admittatur.
770 695 836 752 ltcm
848 695 946 754 Romae
962 717 1049 774 gram·
1070 709 1101 758 15

81 783 193 853 roatici,
210 782 336 838 rhetores
358 789 385 838 et
405 781 501 838 medici
523 789 550 837 et
571 782 659 856 quiin
674 781 759 854 patria
775 797 822 836 sua
838 781 865 836 id
881 793 1007 839 exercent
1023 792 1050 842 et

12 909 13 912 ,
82 869 155 923 iutra
170 881 311 922 numerum
327 875 401 938 sunt,
418 883 432 922 a
449 866 532 922 tutela
547 865 589 922 vel
604 881 668 922 cura
682 865 782 922 habent
798 867 971 922 vacationem.

149 944 220 1018 ¹Qui
234 957 323 1006 atatem
339 967 369 1006 se
386 950 442 1006 vult
457 965 595 1021 excusare,
611 950 737 1024 sipiares
753 949 849 1006 lrabeat
864 953 1051 1008 excusationes
1072 961 1102 1008 16

82 1045 113 1091 et
127 1035 163 1093 de
177 1033 336 1108 quibusdam
357 1051 413 1091 non
433 1033 602 1108 probaverit,
624 1035 682 1090 aliis
703 1036 742 1090 uti
763 1035 833 1090 intra
854 1041 975 1109 tempora
996 1053 1051 1098 non

82 1117 255 1194 prohibetur.
287 1119 335 1192 qui
350 1135 477 1176 excusare
497 1135 527 1174 se
548 1119 654 1192 volunt,
669 1135 725 1175 uon
740 1117 891 1192 appeliant:
912 1120 960 1176 sed
981 1122 1051 1178 intra

83 1204 142 1260 dies
160 1205 354 1278 quinquaginta
369 1203 525 1276 continuos,
547 1221 580 1260 ex
595 1220 649 1278 qtro
664 1212 863 1278 cognoverunt,
878 1221 1006 1262 excusare
1021 1223 1052 1261 se

83 1287 185 1344 debent
200 1286 404 1362 (cuiuscumque
419 1289 527 1362 generis
542 1295 623 1359 sunt,
643 1287 669 1344 id
686 1295 728 1344 est
749 1287 980 1363 qualitercumque
996 1289 1051 1346 dati

84 1373 188 1428 luerint
203 1369 337 1445 tutores),
353 1373 376 1428 si
390 1373 461 1430 iutro
475 1373 652 1428 centesimum
667 1371 782 1445 lapidem
797 1381 862 1428 sunt
882 1371 914 1428 ab
929 1390 962 1430 eo
978 1374 1050 1445 loco,

83 1457 131 1512 ubi
147 1465 254 1512 tutores
269 1457 324 1512 dati
339 1465 418 1514 sunt:
434 1457 457 1512 si
472 1473 535 1512 vero
553 1456 623 1512 ultra
638 1457 814 1512 centesimum
827 1455 959 1530 inabitant,
974 1457 1052 1514 clinu-

83 1543 235 1598 meratione
255 1541 325 1598 iacta
345 1542 442 1616 viginti
462 1541 573 1598 millium
588 1540 748 1598 diurnorum
769 1547 797 1596 et
811 1540 924 1614 amplius
940 1543 1052 1616 triginta

82 1626 199 1681 dierum.
231 1625 305 1700 qued
320 1633 421 1698 tamen,
437 1632 467 1681 ut
478 1623 731 1696 Scaevoia‘dicelaat,
747 1627 786 1680 sic
797 1623 878 1682 debet
891 1630 1051 1701 computari,

83 1711 224 1766 meminus
240 1711 295 1765 sint
311 1725 390 1783 quarn
412 1711 608 1786 quinquaginta
623 1709 689 1766 dies.
721 1709 803 1765 liatus
823 1718 912 1768 autem
928 1719 1005 1767 tutor
1020 1714 1051 1769 ad
1072 1723 1102 1774 tt

84 1795 241 1850 universum
257 1795 447 1867 patrimonium
467 1793 546 1850 datus
567 1811 627 1851 esse
649 1794 778 1850 creditur.
811 1793 861 1862 Qui
876 1796 989 1852 tutelam
1006 1798 1053 1853 aii·
1073 1808 1102 1856 18

81 1881 162 1935 cuius
178 1880 280 1952 gessit,
301 1880 401 1934 invitus
416 1887 526 1936 curator
541 1878 662 1936 eiusdem
679 1877 737 1936 lieri
751 1895 806 1935 nou
821 1880 1009 1954 compellitur,
1026 1885 1053 1938 in

82 1971 188 2019 tautum
206 1970 246 2036 ut,
262 1963 324 2018 licet
338 1971 426 2036 pater,
441 1965 488 2037 qui
502 1972 664 2020 testamento
680 1972 798 2020 tutorem
814 1963 929 2036 dederit,
945 1965 1052 2038 adiecit,

82 2065 113 2104 se
128 2047 245 2104 eundem
261 2056 413 2104 curatorem
425 2047 499 2120 dare,
512 2056 600 2104 tamen
611 2049 724 2104 invitum
736 2065 797 2104 eum
810 2065 901 2104 curam
913 2051 1052 2122 suscipere

83 2148 140 2188 non
156 2131 321 2206 cogendum,
337 2131 515 2188 diviSeverus
531 2140 559 2188 et
569 2133 721 2188 Antoninus
737 2132 945 2204 rescripserunt.
971 2132 1052 2190 iidem
1072 2139 1103 2186 ta

83 2217 294 2291 rescripserunt,
316 2218 439 2276 maritum
455 2219 534 2274 uxori
555 2233 619 2273 suae
638 2223 791 2272 curatorem
812 2215 903 2272 datum
924 2233 1052 2274 excusare

82 2318 114 2356 se
127 2317 223 2376 posse,
239 2301 302 2358 iicet
314 2318 343 2356 se
359 2303 516 2358 immisceat.
543 2301 571 2358 Si
584 2302 644 2377 quis
655 2309 744 2357 autem
757 2300 831 2358 iaisis
843 2300 1051 2376 allegationibus
1070 2309 1103 2358 20

82 2387 289 2442 excusationem
311 2386 410 2442 tutelae
426 2388 539 2459 meruit,
561 2394 673 2443 nonest
693 2385 822 2444 liberatus
843 2403 925 2444 onere
941 2387 1051 2444 tutelae.

489 2601 546 2641 utu.
564 2600 649 2641 XXVI.

144 2685 196 2736 Du
216 2685 413 2736 SUSPEOTIS
431 2686 642 2738 TUTORIBUS
661 2687 708 2736 ET
727 2685 992 2738 CURATORIBUS.

149 2802 313 2865 ²Scieudum
330 2817 371 2866 est
386 2811 506 2883 suspecti
522 2811 622 2866 crimen
638 2826 653 2865 e
667 2809 729 2884 lege
744 2807 886 2866 duodecim
902 2808 1051 2866 tabularum
1069 2830 1104 2870 rr.

80 2893 259 2950 descendere.
291 2893 385 2950 ilatum
400 2902 442 2950 est
457 2901 546 2950 autem
562 2895 603 2949 ius
616 2894 772 2950 removendi
787 2901 930 2968 suspectos
946 2901 1052 2951 tutores
1073 2904 1086 2950 1

82 2979 184 3035 Romae
205 2980 325 3052 praetori
345 2981 420 3035 etin
439 2979 584 3053 provinciis
611 2977 779 3053 praesidibus
801 2995 891 3034 earum
914 2987 940 3036 et
961 2979 1052 3054 legato

82 3063 267 3137 proconsulis.
298 3063 481 3136 Ostendimus,
495 3064 541 3137 qui
556 3071 671 3137 possunt
683 3062 716 3118 de
727 3072 855 3140 suspecto
872 3081 1052 3139 cognoscere:
1071 3079 1087 3125 2

89 3245 287 3256 α*

155 3361 173 3426 ¹)
193 3365 250 3418 tuit.
268 3385 302 3406 =
320 3365 354 3414 L.
374 3366 416 3413 21.
435 3365 459 3426 ἓ.
479 3365 503 3417 1.
522 3365 554 3414 D.
573 3365 605 3414 de
625 3380 711 3415 emens.
731 3363 776 3413 tat.
803 3361 859 3428 (at,
879 3363 903 3423 1)
927 3379 962 3414 ecc
981 3363 1053 3412 Mur-

32 3479 53 3512 *
82 3433 154 3480 mani
170 3433 189 3480 l.
210 3434 226 3481 2
244 3434 324 3482 instit.
395 3432 419 3492 2)
438 3433 588 3494 fere=L.
609 3435 632 3481 l.
651 3433 691 3494 ἐξ.
711 3431 853 3484 a...t.1).
873 3433 1053 3493 decerptam.

84 3495 138 3565 (26,
158 3497 201 3560 10)
220 3515 255 3549 ecc
276 3493 334 3564 Uip.
354 3503 369 3548 i.
389 3501 421 3549 35
440 3501 475 3550 ud
492 3502 534 3550 ed.

118 3597 284 3634 rverrurtur
303 3597 530 3639 maurimontis.
882 3583 900 3638 3
