2486 3916
415 236 451 271 mr
471 237 591 274 areanis
608 223 646 288 II,
665 227 706 275 20.
1005 224 1046 290 85

81 377 177 452 quodsi
191 379 219 433 in
235 378 305 434 diem
321 378 362 434 vel
383 379 434 434 sub
455 379 613 436 condicione
628 379 748 436 debitum
771 381 795 436 ei
816 397 885 456 pure
905 381 1045 456 legaverit,
1096 381 1101 386 ’

79 463 145 518 utile
160 470 200 518 est
212 462 332 536 legatum
343 472 457 538 propter
468 463 753 538 repraesentationem.
781 465 879 538 quodsi
892 467 952 522 vivo
964 474 1046 522 testa·

79 557 137 602 tore
159 546 216 602 dies
239 549 341 604 venerit
361 557 407 604 aut
428 549 552 606 condicio
574 549 710 618 extiterit,
730 549 890 622 Papinianus
905 545 1045 625 scripsit,¹

78 631 143 686 utile
159 647 220 686 esse
235 631 319 686 nihilo
335 633 423 688 minus
438 633 574 707 legatum,
591 635 653 707 quia
667 633 752 689 semel
766 635 898 690 constitit.
930 634 1004 708 quod
1019 645 1047 692 et

77 731 169 772 verum
185 723 241 770 est:
257 728 312 771 nou
325 719 395 773 enim
406 717 506 792 placuit
517 719 651 773 sententia
663 719 882 788 existimantium,
898 721 1046 776 extinctum

78 816 135 854 esse
150 799 283 874 legatum,
299 802 361 874 quia
374 803 402 856 in
419 819 476 858 eam
492 817 597 856 causam
612 803 746 876 pervenit,
763 819 841 875 aqua
856 803 975 876 incipere
990 820 1047 860 non

77 893 177 956 potest.
209 883 263 940 Sed
283 886 306 940 si
321 888 405 942 ¹uxori
426 887 537 941 maritus
560 885 650 942 dotem
667 886 813 960 legaverit,
830 887 899 942 valet
914 886 1045 960 legatum,
1065 895 1097 944 15

77 969 136 1040 quia
152 967 261 1042 plenius
277 975 320 1024 est
335 969 454 1044 legatum
467 969 590 1044 quamde
607 971 671 1026 dote
686 972 765 1027 actio.
796 970 845 1026 sed
860 972 884 1026 si
900 987 979 1044 quam
991 988 1047 1026 non
1106 979 1108 984 ⁴

77 1054 210 1126 acceperit
225 1053 317 1108 dotem
332 1054 474 1128 legaverit,
490 1054 542 1110 divi
558 1054 673 1111 Severus
690 1063 717 1111 et
732 1056 885 1112 Antoninus
900 1057 1046 1129 rescripse-

76 1145 154 1206 runt,
171 1139 196 1192 si
212 1137 319 1212 quidem
334 1139 492 1213 simpliciter
511 1139 656 1213 legaverit,
677 1139 773 1194 inutile
788 1156 849 1198 esse
868 1139 1002 1213 legatum:
1023 1141 1046 1194 si

75 1238 138 1276 vcro
155 1229 231 1278 certa
245 1223 357 1295 pecunia
377 1223 419 1278 vel
435 1231 540 1279 certum
561 1239 660 1297 corpus
677 1231 723 1278 aut
742 1225 953 1280 instrumentum
974 1223 1046 1280 dotis

75 1307 102 1360 in
116 1305 300 1380 praelegendo
316 1305 499 1364 demonstrata
511 1317 584 1376 sunt,
600 1307 688 1363 valere
701 1308 829 1382 legatum.
858 1308 942 1364 Sires
957 1306 1046 1382 legata
1065 1315 1096 1364 16

77 1391 135 1445 sine
151 1390 223 1446 lacto
239 1390 346 1446 heredis
361 1393 483 1465 perierit,
497 1392 628 1466 legatario
645 1391 760 1448 decedit.
792 1400 819 1447 et
834 1393 857 1446 si
872 1409 966 1447 servus
982 1393 1046 1447 alie·

78 1491 128 1529 nus
143 1474 251 1553 legatus
267 1475 325 1530 sine
340 1475 411 1532 lacto
428 1475 535 1531 heredis
551 1477 730 1531 manumissus
746 1475 845 1546 luerit,
866 1492 922 1531 uon
936 1483 1046 1530 tenetur

76 1559 164 1614 heres.
197 1560 301 1614 sivero
317 1559 424 1615 heredis
440 1577 535 1616 servus
551 1557 658 1634 legatus
670 1559 753 1615 luerit
765 1569 792 1616 et
807 1561 865 1634 ipse
881 1577 941 1614 eum
954 1575 1046 1614 manu-

76 1644 191 1712 miserit,
206 1643 293 1698 teneri
309 1659 386 1716 eum,
402 1644 519 1700 lulianus
535 1645 659 1718 scripsit,
676 1636 745 1699 ²nec
759 1646 890 1715 interest,
906 1644 997 1699 scierit
1013 1659 1046 1698 an

74 1728 259 1802 ignoraverit,
274 1744 289 1782 a
303 1745 333 1783 se
348 1727 466 1802 legatum
482 1745 550 1784 esse.
581 1728 630 1784 sed
646 1735 673 1784 et
688 1729 711 1783 si
726 1727 769 1784 alii
784 1729 923 1784 donaverit
939 1720 1053 1784 servumx

76 1819 100 1867 et
113 1815 147 1883 is,
165 1813 210 1868 cui
227 1810 342 1867 donatus
359 1821 411 1885 est,
427 1829 488 1868 eum
504 1813 703 1884 manumiserit,
720 1821 828 1869 tenetur
842 1813 939 1883 heres,
955 1822 1046 1886 quam·

76 1898 111 1952 vis
125 1897 312 1972 ignoraverit,
328 1913 342 1952 a
357 1913 386 1952 se
402 1914 463 1954 eum
481 1897 601 1971 legatum
617 1914 687 1954 esse.
725 1897 752 1953 Si
773 1898 834 1972 quis
855 1897 963 1954 ancillas
985 1913 1046 1952 eum
1066 1899 1097 1948 17

75 1983 127 2036 suis
142 1983 219 2037 natis
240 1980 384 2054 legaverit,
407 1983 511 2038 etiamsi
537 1981 648 2037 ancillae
670 1991 792 2037 mortuae
813 1982 929 2052 luerint,
952 1989 1045 2054 partus

75 2065 164 2140 legato
183 2065 293 2121 cedunt.
323 2066 394 2122 idem
410 2072 466 2136 est,
487 2068 509 2121 si
525 2065 652 2121 ordinarii
672 2067 742 2121 servi
762 2082 822 2120 cum
838 2066 942 2120 vicariis
964 2064 1046 2137 legati

75 2149 194 2221 luerint,
216 2140 278 2220 ut,3
298 2148 362 2206 licet
383 2151 483 2206 mortui
505 2151 559 2205 sint
582 2148 724 2220 ordinarii,
745 2156 833 2204 tamen
848 2149 938 2203 vicarii
953 2148 1045 2222 legato

75 2235 181 2290 cedant.
208 2231 258 2290 sed
273 2235 296 2289 si
307 2251 400 2291 servus
416 2251 477 2291 cum
489 2233 596 2308 peculio
612 2231 693 2288 luerit
708 2233 826 2307 legatus,
841 2239 951 2288 mortuo
966 2245 1046 2286 servo

75 2318 113 2374 vel
132 2319 303 2375 manumisso
324 2319 367 2374 vel
388 2319 518 2390 alienato,
546 2325 573 2374 et
595 2317 694 2391 peculii
718 2316 838 2391 legatum
865 2317 1044 2392 extinguitur.

74 2403 140 2460 idem
166 2411 227 2474 est,
253 2405 276 2458 si
298 2403 397 2460 landus
418 2405 568 2459 instructus
589 2401 632 2458 vel
653 2419 713 2458 cum
733 2403 916 2458 instrumento
939 2402 1046 2476 legatus

69 2487 171 2544 luerit:
187 2505 249 2543 nam
264 2485 348 2544 lando
364 2489 479 2544 alienato
500 2496 528 2544 et
542 2487 716 2544 instrumenti
730 2486 850 2560 legatum
865 2487 1044 2560 extinguitur.

76 2571 101 2629 Si
119 2590 191 2648 grex
210 2571 318 2647 legatus
339 2573 421 2629 luerit
441 2580 591 2646 posteaque
618 2571 650 2626 ad
676 2587 756 2626 unam
783 2587 860 2627 ovem
880 2571 1045 2644 pervenerit,
1066 2579 1097 2632 18

76 2657 146 2730 quod
164 2656 348 2731 superiuerit,
364 2657 490 2713 vindicari
504 2664 606 2730 potest.
637 2655 726 2730 Grege
741 2663 831 2711 autem
852 2655 943 2728 legato
965 2655 1045 2709 etiam
1065 2667 1096 2716 19

76 2759 117 2797 eas
139 2759 224 2813 oveS,
252 2758 320 2815 quae
346 2751 410 2816 post
436 2749 628 2796 testamentum
650 2740 751 2796 iactum
777 2740 856 2814 gregi
883 2737 1045 2808 adiciuntur,

75 2826 167 2900 legato
183 2825 297 2898 cedere,
317 2825 435 2882 lulianus
451 2827 500 2880 ait:
522 2842 582 2881 esse
597 2824 668 2880 enim
684 2825 777 2899 gregis
798 2839 882 2878 uirum
897 2838 998 2896 corpus
1013 2838 1046 2877 ex

77 2909 240 2968 distantibus
257 2909 399 2984 capitibus,
415 2911 496 2966 sicuti
511 2909 615 2966 aedium
631 2925 716 2964 unum
731 2925 830 2982 corpus
846 2915 888 2963 est
903 2923 936 2962 ex
951 2907 1047 2963 cohae-

76 2995 199 3052 rentibus
214 2992 361 3070 lapidibus:
382 2993 492 3050 aedibus
508 2995 625 3068 denique
640 2993 754 3068 legatis,
769 2992 908 3048 columnas
930 3000 958 3048 et
978 3009 1046 3048 mar-

77 3095 162 3152 mora,
173 3087 312 3154 quaepost
324 3087 514 3136 testamentum
526 3079 626 3134 iactum
636 3077 739 3133 adiecta
749 3085 824 3149 sunt,
835 3075 927 3152 legato
939 3077 1045 3134 cedere.

77 3162 102 3219 Si
117 3165 255 3238 peculium
269 3163 389 3238 legatum
405 3163 502 3236 luerit,
523 3163 581 3219 sine
602 3157 684 3219 dubio
703 3161 834 3236 quidquid
849 3161 956 3236 peculio
973 3177 1046 3217 acce·
1065 3163 1100 3211 20

148 3377 168 3442 ¹)
186 3380 218 3436 u,
237 3381 261 3431 5.
280 3380 314 3428 n.
332 3381 369 3430 aa
385 3383 402 3430 ι.
421 3380 494 3432 raze.
514 3378 564 3442 (35,
584 3375 620 3442 a).
708 3376 730 3441 ²)
748 3398 782 3418 =
799 3375 831 3426 L.
852 3378 909 3428 112.
928 3375 952 3436 s.
972 3377 994 3424 1.
1014 3375 1046 3425 n.

77 3448 108 3496 de
127 3451 175 3512 lep.
195 3451 217 3498 1.
237 3464 272 3498 eac
289 3447 421 3498 Marcioni
438 3450 454 3498 l.
474 3447 490 3496 6
507 3448 588 3499 instit.
657 3443 678 3508 ³)
697 3447 797 3510 puidam
815 3445 891 3494 codd.
910 3443 986 3505 inser.
1006 3444 1047 3493 ed.

77 3514 128 3568 Kr.
149 3521 178 3564 et
194 3517 344 3582 (posteaque
363 3513 473 3578 cedunt)
492 3515 532 3565 ed.
549 3512 623 3564 Scir.
642 3529 677 3564 eae
695 3513 752 3562 aliis
769 3512 843 3560 codd.
