2464 3916
185 179 246 274 1¹92
490 223 527 258 ns
546 221 729 259 1srnnnrorrs
747 206 794 270 IV,
814 209 854 258 lt.

184 370 272 424 minus
287 367 339 422 hoo
354 380 447 422 verum
458 370 564 435 menet,
579 363 644 420 iicet
658 370 754 438 posteo
768 364 796 419 in
810 362 976 419 contrarium
989 362 1059 434 pecti
1072 370 1140 417 sunt.

183 452 232 510 sed
247 451 309 525 quie
324 449 447 524 intoeun
462 455 520 519 est,
536 447 698 506 creditorem
714 447 820 504 excludi
826 446 989 520 ,replicatio
1005 447 1030 502 ei
1044 445 1144 502 debitur
1207 479 1208 530 ¹

154 543 218 592 tex
238 534 392 609 posteriore
411 539 491 607 puoto
512 540 658 590 convento.
702 530 806 588 Rursus
829 529 967 588 interdurn
988 531 1092 601 everrit,
1117 539 1145 586 ut
1207 533 1208 574 t

183 619 339 692 replicatio,
364 633 434 692 quse
457 618 546 691 prins
563 616 631 674 tocie
651 618 722 674 iuste
743 617 796 687 sit,
822 617 915 690 inique
934 621 1040 672 nocent
1079 614 1145 688 quoi
1207 593 1208 688 i

183 702 371 774 eumoccidit,
385 701 691 798 uiidsllepetioncopus
703 709 745 758 cst
760 699 903 758 minuendi
918 700 961 756 roi«
971 700 1068 774 gratis,
1084 715 1147 772 qnne
1207 691 1208 798 ¹

150 796 166 844 n
185 787 331 862 duplicatio
346 794 466 846 ventur.
504 784 539 844 Et
553 787 576 842 si
590 802 686 842 rursus
702 801 733 842 eo
748 786 838 859 prime.
849 785 918 840 ineis
933 785 1005 840 iusta
1019 779 1147 854 videntur,
1207 815 1208 866 ¹

184 873 231 931 sed
247 879 361 947 propter
375 870 491 945 aliquem
507 887 613 929 museus
633 871 725 944 inique
740 871 825 926 actori
840 875 952 940 nocent,
972 884 1069 924 numus
1090 867 1148 923 nite·

1207 2869 1208 2908 t

1207 2909 1208 2952 t

184 959 295 1032 petione
310 955 360 1014 alin
375 971 445 1030 opus
460 963 518 1024 est,
535 971 588 1028 qun
603 961 679 1012 notor
694 953 850 1025 adiuvetur,
867 969 938 1028 quoe
951 953 1054 1010 dieitur
1067 951 1149 1026 tripii-

150 1043 265 1100 3oetio.
303 1039 421 1109 Quorum
436 1041 557 1096 omnium
576 1040 766 1114 exceptionum
786 1055 868 1095 usum
885 1036 1150 1094 interdurnuitsrins

185 1143 264 1202 quern
284 1125 416 1196 diximus,
442 1124 555 1180 varietas
582 1125 759 1198 negotiorum
778 1121 942 1180 introducit:
969 1137 1036 1196 quus
1059 1136 1150 1178 omues

184 1211 305 1285 apertius
319 1226 352 1266 ex
367 1209 465 1270 latiore
480 1207 652 1283 (digestorum¹
672 1207 808 1264 volumine
823 1206 902 1264 incito
916 1213 1149 1281 estcognoscerc

150 1307 167 1354 4
247 1293 426 1368 Exceptiones
440 1300 547 1364 autern,
569 1291 665 1367 quibus
681 1291 788 1348 debitor
807 1290 978 1362 detenditur,
993 1291 1152 1365 pierumque

184 1377 382 1438 accommodari
401 1377 494 1436 solent
514 1379 597 1438 etinns
614 1375 819 1434 fideiussoribus
834 1378 907 1432 eius:
929 1383 1065 1446 streete,
1082 1375 1151 1448 quis,

185 1462 259 1538 quod
275 1462 366 1522 abhis
381 1462 499 1538 petitur,
524 1461 552 1520 id
577 1461 615 1520 ab
635 1463 695 1535 ipso
710 1459 834 1518 debitore
859 1461 916 1534 peti
941 1459 1067 1544 videtur,
1095 1461 1153 1532 quis

184 1547 303 1610 mandeti
317 1547 419 1607 iudicio
433 1546 591 1605 redditurus
617 1554 660 1604 est
681 1547 736 1618 eis,
765 1545 839 1620 quod
854 1545 883 1603 hi
897 1561 948 1620 pro
964 1561 998 1601 co
1012 1544 1152 1601 soluerint.

185 1650 237 1708 que
251 1634 357 1690 ratione
372 1638 400 1688 et
414 1633 438 1688 si
453 1630 486 1690 de
502 1648 557 1690 nou
572 1631 699 1706 petenda,
707 1631 821 1704 monnio
834 1637 930 1704 pectus
941 1630 1012 1704 'quis
1027 1645 1093 1685 cunr
1109 1644 1154 1683 reo

185 1717 281 1788 fuerit,
309 1717 427 1789 placuit,
452 1718 567 1790 proinde
590 1713 804 1776 succurrendum
827 1729 890 1772 esse
903 1730 952 1788 per
966 1716 1154 1808 exceptionen

184 1801 255 1874 pecti
271 1801 397 1856 conventi
411 1799 464 1856 iliis
480 1793 605 1873 quoque,
632 1795 679 1873 'spui
700 1815 751 1873 pro
772 1816 806 1856 eo
822 1798 933 1874 obligati
955 1796 1063 1870 essent,
1090 1815 1119 1853 so
1133 1798 1154 1851 si

185 1892 290 1940 etcum
315 1883 381 1956 ipsis
405 1890 500 1956 pectus
527 1889 614 1955 esset,
640 1899 675 1939 ne
700 1883 732 1940 eb
758 1885 797 1940 eis
823 1900 853 1940 en
874 1884 988 1958 pecunie
1002 1889 1153 1956 peteretur.

184 1984 249 2024 seue
265 1966 394 2042 quaedem
410 1969 583 2042 exceptiones
604 1984 660 2024 non
680 1967 772 2025 solent
792 1968 834 2024 his
855 1965 1062 2025 accommodari.
1095 1982 1153 2024 ecce

184 2055 255 2110 enirn
271 2051 378 2109 debitor
393 2053 416 2108 si
431 2049 509 2110 bonis
524 2053 581 2108 suis
597 2054 710 2110 cesserit
730 2059 834 2109 etcum
849 2069 882 2110 eo
898 2051 1017 2110 creditor
1032 2053 1153 2126 experie-

185 2147 245 2210 tur,
260 2137 416 2194 deienditur
435 2153 485 2211 per
500 2138 685 2212 exceptionem
706 2129 788 2196 u1e1¹
804 2152 897 2196 nonis
913 2151 1082 2195 cnnsnnrn:
1108 2133 1153 2191 sed

184 2223 250 2280 hoec
265 2223 387 2295 exceptio
403 2219 609 2278 fideiussoribus
624 2237 679 2277 nou
695 2221 789 2290 detur,
811 2221 916 2278 scilicet
929 2221 991 2277 ideo
1007 2222 1086 2296 quin,
1109 2219 1153 2292 qui

185 2307 251 2364 elios
266 2323 317 2380 pro
338 2305 461 2364 debitore
483 2306 601 2381 obliget,
628 2305 681 2362 hoo
706 2306 819 2362 maxime
844 2306 991 2379 prospicit,
1017 2311 1065 2376 ut,
1093 2320 1151 2360 oum

183 2389 356 2449 facultatibus
372 2390 464 2466 lapsus
485 2391 567 2448 inerit
582 2389 702 2462 debitor,
723 2391 811 2464 possit
832 2389 864 2446 eb
885 2390 944 2461 his,
967 2405 1036 2464 quos
1053 2405 1105 2464 pro
1120 2403 1151 2443 eo

185 2473 329 2548 obligavit,
344 2491 423 2534 suum
438 2477 578 2548 consequi,
667 2465 670 2472 '

608 2670 665 2711 ΤΠ.
678 2671 728 2712 XV.

509 2775 559 2825 Du
577 2773 824 2826 INTERDICTIS.

132 2909 168 2952 1³1.
249 2896 388 2971 Sequitur,
403 2905 436 2954 ut
448 2897 617 2972 dispiciemus
633 2898 667 2954 de
677 2898 829 2956 interdictis
844 2913 894 2955 seu
904 2895 1066 2968 notionibus,
1082 2911 1153 2970 quse

183 2997 234 3056 pro
249 2981 291 3037 his
307 2989 477 3040 exercentur.
515 2991 591 3040 erent
606 2989 695 3040 nutem
710 2983 853 3040 interdicte
873 2981 975 3038 iorrnne
989 2988 1071 3054 atque
1086 2996 1152 3036 oon·

184 3067 323 3141 ceptiones
338 3064 498 3140 verborum,
526 3065 623 3142 quibus
649 3075 759 3141 praetor
784 3075 829 3122 eut
854 3065 962 3122 iubebat
977 3065 1076 3139 aliquid
1092 3062 1151 3120 fiori

186 3158 233 3207 nut
247 3149 305 3207 fieri
319 3149 488 3226 prohibebat.
528 3151 602 3227 quod
617 3160 675 3209 tum
690 3153 803 3209 maxime
818 3150 945 3221 iaciebat,
962 3165 1023 3206 oum
1038 3149 1071 3205 de
1086 3165 1151 3222 pos-

184 3237 307 3292 sessione
321 3243 369 3292 aut
384 3238 460 3309 quusi
474 3238 648 3310 possessione
663 3237 735 3292 inter
749 3235 854 3310 aliquos
869 3231 1091 3292 contendebatur.

237 3497 273 3560 ΙΙ)
292 3498 318 3546 Β
335 3491 400 3550 ‹itt'
421 3495 449 3552 sl
460 3491 500 3565 μή
515 3498 627 3563 Tdeopd.
646 3499 672 3549 si
693 3499 754 3552 WE
772 3507 796 3550 et
814 3501 893 3563 inser.
911 3501 986 3552 codd.
