2484 3916
84 251 122 286 ns
143 247 343 286 usncurrourn.
362 249 397 284 nr
416 248 504 284 nonar
518 249 655 285 mauronis
670 246 884 286 rossessrorrra.
897 235 935 298 11,
950 237 976 286 6.
1011 233 1054 298 49

84 379 196 448 utatur:
221 384 266 447 ¹iu
287 407 375 465 eoque
395 389 480 447 fundo
503 391 634 446 hactenus
655 392 680 446 ei
701 393 800 448 morari
820 391 899 462 licet,
921 399 952 447 ut
966 409 1056 466 neque

84 477 198 532 domiuo
215 475 293 531 fundi
307 475 440 530 molestus
461 477 496 531 sit
511 492 600 550 neque
615 475 672 546 his,
693 492 742 549 per
762 493 832 550 quos
854 493 935 551 opera
955 479 1056 532 rustica

85 561 172 632 liunt,
188 559 382 634 impedimento
397 561 447 615 sit:
462 575 513 616 nec
528 559 577 615 ulli
592 559 637 616 alii
651 559 708 630 ius,
731 559 805 634 quod
820 559 915 632 habet,
931 568 977 616 aut
992 577 1056 616 ven-

85 645 152 700 dere
167 653 214 700 aut
229 645 319 700 locare
335 651 381 698 aut
393 645 477 718 gratis
493 643 643 700 concedere
655 651 762 718 potest,
778 661 838 700 cum
849 645 883 716 is,
900 647 946 718 qui
962 661 1054 702 usuru-

86 729 206 784 fructum
221 727 313 800 habct,
328 735 421 802 potest
435 729 502 784 haee
517 729 607 784 omnia
621 728 719 784 facere.
752 727 819 784 ltem
833 730 873 799 is,
890 731 936 802 qui
951 729 1056 786 aedium
1074 743 1090 790 2

87 830 168 870 usum
184 812 276 884 habet,
292 814 424 870 haetenus
440 813 506 869 iuris
523 812 621 869 habere
635 811 815 887 intellegitur,
832 821 863 868 ut
877 814 936 886 ipse
952 821 1057 870 tantum

88 897 207 969 habitet,
238 915 289 954 nec
313 898 366 954 hoc
385 899 428 953 ius
449 897 482 952 ad
498 897 579 954 aliurn
607 896 752 953 transferre
766 904 873 971 potest:
904 905 931 952 et
952 899 995 952 rix
1014 915 1057 954 rc·

86 988 196 1056 ceptum
211 981 333 1053 videtur,
360 989 392 1038 ut
416 981 552 1056 hospitem
574 983 598 1036 ei
617 982 738 1055 recipere
753 981 832 1038 liceat
852 989 956 1038 etcum
971 998 1057 1038 uxore

87 1083 137 1122 sua
151 1065 298 1140 liberisque
313 1067 387 1138 suis,
403 1068 468 1122 item
482 1065 586 1122 libertis
602 1081 723 1122 necnon
739 1065 797 1122 aliis
812 1065 904 1124 liberis
919 1068 1056 1140 personis,

87 1149 186 1224 quibus
202 1167 259 1207 non
274 1152 363 1206 minus
380 1167 458 1224 quam
480 1151 564 1206 servis
588 1151 687 1222 utitur,
708 1149 845 1208 habitandi
859 1153 902 1208 ius
917 1151 1014 1208 habeat
1029 1159 1057 1208 et

86 1237 296 1307 convenienter,
321 1237 345 1292 si
371 1235 403 1290 ad
430 1235 569 1292 mulierem
596 1251 661 1290 usus
689 1235 794 1290 aedium
818 1237 968 1310 pertineat,
995 1253 1076 1295 oum.

70 1369 73 1373 .
87 1321 185 1376 marito
201 1319 320 1376 habitare
336 1313 380 1376 ei²
395 1319 483 1376 liceat.
521 1320 588 1376 ltcm
608 1321 647 1392 is,
670 1319 702 1374 ad
724 1337 804 1392 quem
826 1322 896 1375 servi
912 1336 978 1376 usus
994 1337 1056 1394 per·
1075 1337 1090 1385 3

88 1407 176 1476 tinet,
194 1407 251 1478 ipse
266 1411 371 1462 tantum
388 1406 479 1478 operis
494 1411 576 1478 atque
596 1405 746 1460 ministerio
761 1405 819 1460 eius
836 1407 876 1460 uti
890 1412 996 1476 potest:
1023 1406 1057 1461 ad

86 1489 170 1546 alium
185 1505 246 1545 vero
262 1489 339 1546 nullo
354 1489 436 1545 modo
457 1491 500 1544 ius
521 1505 599 1544 suum
615 1487 762 1544 transferre
783 1491 807 1544 ci
828 1504 987 1546 concessum
1003 1497 1054 1545 est.

86 1573 159 1630 idem
173 1573 276 1630 scihcet
290 1576 356 1630 iuris
373 1581 414 1630 est
430 1582 457 1630 et
471 1574 499 1630 in
513 1575 645 1629 iumento.
678 1570 732 1628 Sed
746 1573 770 1628 si
783 1575 893 1646 pecoris
908 1573 951 1628 vel
966 1575 1056 1630 ovium
1074 1589 1091 1638 4

87 1675 153 1714 usus
169 1658 277 1733 legatus
293 1659 392 1731 fuerit,
409 1673 499 1734 neque
513 1659 582 1714 lacte
597 1673 687 1732 neque
702 1659 780 1732 agnis
793 1675 882 1731 neque
892 1657 952 1714 lana
963 1665 1057 1714 utetur

86 1745 224 1815 usuarius,
240 1746 302 1817 quia
318 1761 348 1800 ea
364 1745 392 1800 in
406 1744 500 1800 fructu
514 1750 587 1799 sunt.
611 1743 690 1817 plane
700 1741 734 1799 ad
744 1743 950 1800 stercorandum
960 1760 1056 1815 agrum

90 1844 171 1884 suum
186 1827 331 1902 pecoribus
347 1829 387 1884 uti
401 1836 503 1903 potest.

150 1911 205 1969 Sed
220 1914 243 1968 si
259 1915 301 1970 cui
316 1912 445 1970 habitatio
459 1913 548 1987 legata
569 1914 625 1968 sive
640 1913 731 1986 aliquo
746 1912 828 1969 modo
845 1915 994 1969 constituta
1009 1915 1055 1985 sit,
1074 1920 1090 1970 5

87 2013 177 2070 neque
203 2015 269 2056 usus
296 1998 402 2054 videtur
425 2013 515 2070 neque
535 1997 723 2068 ususfructus,
749 1996 798 2052 scd
824 1998 900 2070 quasi
914 1999 1056 2070 proprium

87 2081 197 2155 aliquod
208 2084 260 2138 ius.
289 2098 368 2155 quam
378 2081 570 2138 habitationem
582 2080 743 2137 habentibus
756 2088 869 2154 propter
881 2097 971 2136 rerum
983 2081 1056 2136 utili-

87 2165 335 2223 tatem-secundum
346 2165 464 2222 Marcelli
475 2166 635 2222 seutentiam
648 2171 743 2220 nostra
757 2156 915 2220 decisione3
935 2164 1057 2238 promul·

87 2259 151 2326 gata
164 2252 338 2326 permisimus
352 2267 408 2308 non
420 2250 510 2307 solum
521 2252 549 2306 in
561 2266 591 2306 ea
603 2249 714 2324 degere,
725 2249 774 2306 sed
790 2250 868 2304 etiam
885 2248 942 2304 aliis
954 2248 1054 2306 locare.

150 2336 223 2392 Haec
238 2335 271 2392 de
291 2335 468 2392 servitutibus
493 2342 521 2392 et
548 2332 693 2392 usufructu
718 2342 746 2392 et
771 2350 824 2390 usu
849 2341 877 2389 et
891 2333 1090 2392 hahtutioneo

88 2421 188 2477 dixisse
203 2419 330 2477 sufficiat.
361 2420 395 2477 de
410 2420 559 2477 hereditate
575 2427 665 2476 autem
680 2427 708 2474 et
724 2419 757 2475 de
773 2418 983 2494 obligationibus
999 2421 1055 2476 suis

87 2506 155 2562 locis
170 2499 387 2580 proporremus.4
404 2537 442 2547 -
465 2503 645 2579 Exposuimus
666 2505 833 2576 summatim,
857 2503 1056 2578 quibusmodis

87 2592 146 2646 iure
161 2592 286 2666 gentium
301 2605 345 2646 res
362 2589 555 2664 adquiruntur:
576 2589 657 2646 modo
680 2587 833 2660 videamus,
855 2587 1056 2662 quibusmodis

87 2675 211 2750 legitimo
228 2683 255 2732 et
270 2675 341 2732 civili
355 2676 414 2730 iure
429 2675 619 2748 adquiruntur.

516 2871 573 2912 m.
586 2871 627 2911 VI.

101 2975 153 3026 DE
172 2973 469 3028 USUOAPIONIBUS
486 2975 535 3025 ΕΤ
552 2973 668 3026 LONGI
686 2971 871 3024 TEMPORIS
891 2970 1041 3024 POSSES-

485 3057 662 3110 SIONIBUS.

149 3183 212 3239 lure
227 3184 298 3240 civili
313 3184 493 3240 constitutum
505 3181 609 3253 fuerat,
626 3189 671 3253 ut,
689 3182 735 3256 qui
746 3180 817 3237 bona
832 3180 885 3238 lide
901 3180 932 3237 ab
949 3198 993 3252 eo,
1010 3181 1057 3254 qui
1073 3193 1108 3232 Pr.

84 3268 212 3325 dominus
228 3285 285 3324 uon
301 3275 374 3339 erat,
396 3283 458 3323 curu
477 3265 639 3343 crediderit,
661 3283 722 3322 eum
744 3266 882 3324 dominum
903 3282 979 3336 esse,
1000 3280 1057 3320 rem

11 3417 12 3420 ¹
155 3397 176 3466 ¹)
196 3401 275 3452 =L.
298 3403 337 3452 11.
350 3400 382 3450 D.
403 3401 435 3450 de
453 3414 499 3449 usu
517 3406 543 3448 et
560 3398 617 3449 hab.
637 3397 671 3461 (i,
684 3396 710 3459 8)
729 3413 764 3448 eac
783 3398 842 3448 uati
858 3399 973 3446 direr.
987 3401 1056 3460 quot.

11 3499 12 3508 κ
83 3466 106 3532 ²)
129 3467 244 3532 Theopd.
264 3475 290 3518 et
307 3468 384 3531 infer.
403 3463 478 3518 codd.
497 3465 626 3516 habitare
645 3467 686 3516 ed.
706 3465 756 3514 Kr,
826 3462 846 3525 ³)
864 3464 897 3516 L.
918 3465 959 3514 13.
979 3463 1005 3512 C.
1026 3465 1058 3512 de

11 3547 12 3554 ’
84 3536 171 3599 ususr.
192 3543 219 3586 et
234 3535 312 3586 tatii.
331 3532 365 3600 (3,
385 3533 437 3598 33).
508 3531 529 3596 4)
552 3533 662 3598 Theoph.
682 3545 864 3598 proponamus
883 3531 924 3582 ed.
943 3529 993 3582 Kc.

119 3633 284 3672 rvsrrnrnur
302 3633 530 3673 rusurrvrronns.
885 3616 905 3672 4
