2484 3916
159 123 180 186 6
297 139 332 174 nu
352 139 420 175 1unu
440 137 591 187 aaronem,
610 137 740 173 canrrun
759 123 944 188 urc1v1n1l,
964 125 988 175 2.

161 282 203 336 his
220 279 348 352 quaedam
363 288 429 336 sunt
450 279 625 354 personales,
650 297 718 354 quae
735 296 785 336 neo
800 279 833 334 ad
849 279 1001 354 exemplum
1016 281 1130 336 trahun-

160 373 223 434 tur,
251 365 377 436 quoniam
403 381 459 422 non
485 365 538 422 boo
563 366 688 440 princeps
715 364 787 420 vult:
812 380 873 420 nam
899 363 973 436 quod
999 363 1080 420 alicui
1096 364 1132 420 ob

162 449 256 504 merita
277 447 407 520 indulsit,
429 448 472 504 vel
491 451 515 506 si
535 451 579 504 cui
598 465 713 523 poenam
732 450 879 522 irrogarit,
899 448 942 504 vel
961 450 985 504 si
1006 450 1049 504 cui
1070 451 1132 504 sine

163 531 286 605 exemplo
301 531 444 605 subvenit,
459 550 604 608 personam
617 550 675 590 non
690 533 838 608 egreditur.
870 532 936 588 aliae
951 540 1052 604 autem,
1068 549 1133 588 cum

130 631 144 679 7
163 616 304 691 generales
319 624 400 690 sunt,
422 635 515 674 omnes
535 618 633 692 procul
653 617 735 674 dubio
751 624 856 674 tenent,
886 616 1046 674 Praetorum
1062 634 1134 690 quo·

163 717 216 774 que
232 700 318 757 edicta
334 719 389 758 uon
399 702 531 758 modicam
541 704 608 760 iuris
620 704 745 776 optinent
756 703 954 758 auctoritatem.
973 702 1038 758 baec
1049 703 1133 758 etiam

162 787 204 841 ius
220 786 396 844 honorarium
410 787 530 844 solemus
546 787 696 861 appellare,
718 787 792 860 qarod
809 788 854 859 qui
871 787 1002 842 honorem
1017 795 1134 861 gerunt,

93 871 95 876 ’
162 870 189 926 id
205 878 246 926 est
261 873 452 946 magistratus,
469 873 657 930 auctoritatem
673 873 737 928 huic
751 872 803 928 iuri
818 869 962 928 dederunt.
993 887 1134 944 propone·

162 953 227 1010 bant
247 964 275 1012 et
294 955 394 1012 aediles
414 956 523 1012 curules
545 955 663 1012 edictum
684 956 718 1012 de
734 954 892 1030 quibusdam
913 953 1035 1026 casibus,
1056 955 1134 1028 quod

128 1042 144 1090 8
163 1039 280 1094 edictum
305 1041 371 1095 iuris
393 1041 531 1097 honorarii
554 1041 645 1114 portio
671 1049 723 1096 est.
770 1033 930 1112 1Responsa
954 1039 1134 1114 prudentium

163 1130 227 1180 suut
247 1125 398 1180 sententiae
419 1133 447 1180 et
470 1127 612 1199 opiniones
633 1141 744 1197 eorum,
771 1123 868 1201 quibus
889 1125 1052 1198 permissum
1073 1133 1135 1180 erat

162 1209 221 1262 iura
241 1207 369 1264 condere.
400 1225 460 1264 nam
482 1211 631 1284 antiquitus
651 1211 809 1266 institutum
829 1216 901 1281 erat,
925 1217 955 1264 ut
975 1215 1067 1264 essent
1084 1210 1134 1282 qui

163 1293 221 1347 iura
241 1291 349 1365 publice
374 1295 635 1368 interpretarentur,
660 1294 757 1368 quibus
779 1311 794 1348 a
814 1292 926 1350 Caesare
951 1295 994 1350 ius
1016 1309 1135 1368 respon·

163 1375 244 1432 dendi
259 1377 352 1434 datum
367 1385 425 1450 est,
441 1379 488 1452 qui
502 1379 689 1436 iurisconsulti
700 1377 912 1454 appellabantur.
941 1394 1057 1451 quorum
1073 1395 1135 1434 om-

163 1461 238 1518 nium
258 1463 409 1520 sententiae
429 1469 457 1518 et
477 1465 619 1537 opiniones
641 1481 699 1520 earn
724 1463 913 1520 auctoritatem
934 1461 1077 1534 tenebant,
1102 1471 1135 1518 ut

163 1545 245 1602 iudici
259 1547 388 1603 recedere
403 1564 417 1602 a
432 1564 565 1622 responso
581 1565 675 1604 eorum
695 1565 752 1604 non
764 1547 873 1619 liceret,
895 1555 926 1603 ut
941 1555 983 1602 est
997 1548 1135 1603 eonstitu-

130 1628 145 1674 9
165 1637 231 1684 tum.
261 1629 301 1685 Ex
315 1648 371 1686 uon
386 1633 488 1704 scripto
504 1633 547 1687 ius
561 1633 649 1704 venit,
665 1632 739 1706 quod
754 1649 820 1687 usus
836 1631 1030 1705 comprobavit.
1068 1648 1134 1687 num

164 1712 286 1770 diuturni
300 1731 389 1770 mores
399 1731 536 1772 consensu
550 1718 685 1772 utentium
694 1715 862 1791 comprobati
877 1716 966 1790 legem
981 1717 1134 1772 imitantur.

114 1795 146 1843 10
163 1794 196 1852 Et
210 1813 266 1854 uon
281 1797 451 1872 ineleganter
465 1801 492 1855 iu
514 1799 579 1856 duas
601 1803 705 1874 species
720 1803 762 1856 ius
778 1801 855 1856 civile
869 1799 1043 1856 distributum
1056 1800 1135 1856 vide-

165 1890 218 1938 tur.
249 1899 310 1938 nam
327 1884 406 1958 origo
428 1885 486 1940 eius
501 1884 533 1941 ab
548 1886 680 1946 institutis
702 1885 814 1941 duarum
830 1886 992 1956 civitatium,
1013 1885 1134 1940 Athena-

163 1983 224 2022 rum
245 1966 348 2024 scilicet
369 1977 396 2024 et
418 1968 642 2043 Lacedaemonis,
669 1969 780 2026 [luxisse
800 1969 920 2026 videtur:
946 1971 975 2024 in
996 1969 1037 2024 bis
1059 1970 1149 2024 euim·

164 2051 315 2109 civitatibus
330 2053 368 2109 ita
383 2055 427 2129 agi
442 2055 553 2111 solitum
569 2063 642 2128 erat,
659 2063 689 2112 ut
700 2054 903 2112 Lacedaemonii
919 2053 1027 2128 quidem
1044 2055 1132 2128 magis

164 2153 211 2210 ea,
228 2154 297 2212 quae
311 2155 363 2212 pro
378 2138 486 2214 legibus
502 2140 692 2212 observarent,
708 2141 852 2196 memoriae
863 2138 1033 2209 mandarent,
1048 2137 1134 2194 Athe-

164 2223 272 2278 nienses
297 2239 362 2278 vero
390 2241 436 2296 ea,
464 2227 583 2298 quaein
609 2225 715 2299 legibus
741 2226 841 2298 scripta
860 2213 1132 2298 reprehendissent²,

163 2304 343 2361 custodirent.

114 2405 145 2452 11
228 2388 281 2445 Sed
296 2392 427 2448 naturalia
443 2393 550 2466 quidem
567 2393 633 2464 iura,
650 2409 718 2466 quae
733 2391 804 2467 apud
817 2408 910 2448 omnes
925 2400 1022 2466 gentes
1036 2407 1134 2464 perac-

165 2489 218 2546 que
233 2483 391 2548 servantur,
414 2477 503 2534 divina
523 2476 636 2550 quadam
657 2477 825 2550 providentia
839 2478 1002 2548 constituta,
1024 2492 1135 2550 semper

165 2556 241 2614 firma
261 2565 342 2632 atque
362 2559 537 2617 immutabilia
556 2569 727 2635 permanent:
754 2579 785 2618 ea
806 2577 886 2632 vero,
913 2577 981 2634 quae
1001 2562 1059 2634 ipsa
1080 2560 1133 2616 sibi

165 2660 287 2718 quaeque
302 2645 394 2701 civitas
410 2646 567 2718 constituit,
588 2663 668 2720 saepe
683 2647 779 2702 mutari
794 2645 884 2702 solent
903 2645 947 2702 vel
967 2647 1049 2702 tacito
1064 2661 1133 2702 con-

165 2745 249 2786 sensu
263 2729 358 2803 populi
373 2731 416 2786 vel
432 2731 481 2786 alia
495 2739 591 2804 postea
605 2731 667 2806 lege
682 2731 744 2788 lata.

115 2829 146 2876 12
229 2805 339 2870 ³0mne
354 2822 443 2871 autem
464 2817 523 2888 ius,
544 2833 598 2890 quo
615 2817 732 2887 utimur,
752 2815 794 2871 vel
808 2815 841 2871 ad
861 2831 992 2890 personas
1012 2815 1133 2888 pertinet

165 2897 206 2953 vel
227 2897 259 2952 ad
280 2914 324 2954 res
345 2898 388 2954 vel
409 2900 441 2955 ad
462 2902 591 2957 actiones.
636 2917 666 2956 ac
686 2903 761 2974 prius
783 2900 816 2955 de
837 2901 969 2974 personis¹
982 2898 1128 2954 videamus.

165 2997 225 3038 nam
240 2999 335 3055 parum
351 2985 450 3040 estius
470 3003 562 3057 nosse,
579 2986 601 3040 si
617 3001 760 3058 personae,
777 3002 891 3058 quarum
904 3001 983 3040 eausa
997 2989 1131 3039 statutum

165 3075 222 3139 est,
238 3069 411 3142 ignorentur.

232 3281 253 3351 ¹)
271 3285 415 3350 =Gat.1,
435 3288 459 3335 t.
476 3293 534 3342 mut,
592 3280 614 3352 2)
632 3286 670 3335 sie
692 3285 741 3335 VA
760 3285 934 3334 invenissent
951 3284 977 3333 B
995 3275 1027 3334 ἐν
1044 3275 1133 3348 γράμ-

163 3367 252 3416 μασιν
274 3352 369 3405 ἴσασιν
390 3345 476 3412 ὄντας
496 3353 609 3418 Tbeopb.
630 3352 903 3418 comprehendissent
918 3353 1036 3417 plerique
1054 3354 1131 3404 codd.

163 3417 185 3484 ³)
203 3457 248 3471 ...
268 3420 411 3472 videamus
424 3443 457 3463 =
472 3422 528 3474 Gai.
549 3424 571 3480 1,
590 3423 615 3474 8.
636 3423 668 3474 L.
688 3424 711 3474 1.
731 3423 764 3472 D.
784 3423 816 3472 de
834 3427 903 3470 statu
921 3420 984 3472 bom.
1004 3414 1039 3484 (1,
1060 3415 1097 3483 5).
