2486 3916
134 221 187 264 our
208 219 312 262 curans
331 219 369 254 ex
386 219 486 254 exuam
505 217 710 255 uxuuurrrnnn
732 218 789 254 raon
809 204 1005 267 rosuur1,6.
1051 201 1070 266 9

93 360 201 418 [iebant
222 377 254 416 ex
275 361 337 434 lege
352 361 427 416 Aelia
447 360 539 416 Sentia
568 360 757 417 dediticiorum
777 377 901 417 numero.
933 361 981 416 sed
997 361 1070 416 dedi·

93 447 226 502 liciorum
243 444 350 518 quidem
373 447 490 518 pessima
509 444 633 502 condicio
653 447 704 502 iam
731 461 763 500 ex
789 445 882 501 multis
898 444 1067 520 temporibus

92 533 125 586 in
140 529 350 585 desuetudinem
371 527 451 601 abiit,
472 529 628 585 Latinorum
650 545 715 585 vero
730 545 830 585 nomeu
845 545 900 586 non
916 529 1070 603 frequenta·
1236 589 1237 604 ,

7 605 12 612 ’
94 614 194 670 batur:
219 613 338 687 ideoque
358 621 451 669 nostra
472 615 574 688 pietas,
602 616 690 670 omnia
711 629 812 688 augere
834 623 862 670 et
883 617 911 670 in
927 615 1067 670 meliorem
1236 607 1237 648 l

95 707 200 754 statum
221 697 351 754 reducere
372 697 545 770 desiderans,
565 700 593 754 in
615 697 718 754 duabus
740 691 1001 755 constitutionibus¹
1018 701 1070 756 hoo

95 782 252 839 emendavit
278 789 306 838 et
326 783 354 838 in
374 784 519 856 pristinum
541 790 642 838 statum
664 781 787 854 reduxit,
815 784 878 855 quia
898 791 926 838 et
946 785 1069 856 oprimis

93 866 173 923 urbis
189 865 288 922 Romae
304 866 443 922 cunabulis
459 883 512 922 una
536 875 618 940 atque
633 867 748 941 simplex
763 865 873 923 libertas
889 867 1070 941 competebat,

93 951 125 1007 id
146 959 190 1007 est
210 951 319 1022 eadem,
348 967 427 1026 quam
449 950 562 1007 babebat
584 953 778 1023 manumissor,
799 951 851 1007 nisi
873 951 947 1026 quod
968 952 1072 1008 seilicet

94 1034 242 1091 libertinus
263 1028 334 1107 sit,²
356 1037 402 1109 qui
422 1037 635 1108 manumittitur,
657 1037 721 1092 lieet
740 1037 921 1092 manumissor
935 1037 1070 1110 ingenuus

95 1121 144 1176 sit.
177 1128 204 1176 et
218 1119 360 1186 dediticios
376 1119 486 1193 quidem
500 1137 550 1196 per
564 1122 788 1178 constitutionem
804 1121 972 1194 expulimus,
989 1137 1068 1194 quam

94 1204 331 1278 promulgavimus
346 1206 418 1260 iuter
432 1213 539 1261 nostras
556 1205 723 1277 decisiones,
738 1222 788 1280 per
803 1221 885 1279 quas,
902 1215 1069 1280 suggerente

95 1288 179 1345 nobis
195 1287 373 1360 Triboniano,
389 1289 446 1344 viro
463 1290 587 1361 excelso,
604 1298 766 1364 quaestore,
788 1291 891 1364 antiqui
907 1292 972 1346 iuris
989 1291 1069 1346 alter-

97 1375 222 1428 cationes
236 1373 412 1446 placavimus:
428 1373 538 1430 Latinos
555 1383 644 1430 autem
661 1373 787 1431 lunianos
809 1382 836 1430 et
855 1391 977 1446 omnem,
1000 1391 1068 1448 quae

98 1458 174 1513 circa
187 1473 236 1529 eos
248 1457 352 1529 luerat,
377 1457 573 1514 observantiam
594 1459 643 1514 alia
665 1461 862 1514 constitutione
882 1475 933 1532 per
948 1459 1068 1514 eiusdem

97 1543 253 1615 quaestoris
279 1544 487 1616 suggestionem
512 1544 695 1614 correximus,
722 1559 790 1617 quae
815 1545 889 1598 inter
909 1535 1066 1616 ¹imperiales
1133 1608 1136 1612 Α

94 1626 186 1682 radiat
200 1629 368 1698 sanctiones,
392 1635 420 1682 et
435 1625 528 1683 omnes
544 1626 673 1698 libertos,
697 1628 773 1684 nullo
795 1645 846 1684 neo
866 1629 960 1683 aetatis
976 1643 1069 1682 manu·

95 1713 176 1768 missi
196 1727 247 1767 nec
271 1711 383 1768 dominii
402 1713 605 1768 manumissoris
630 1727 680 1768 neo
704 1714 732 1768 in
756 1713 972 1768 manumissionis
988 1711 1068 1768 modo

95 1795 255 1852 discrimine
270 1795 377 1868 habito,
399 1797 479 1852 sicuti
500 1805 577 1853 antea
600 1795 808 1868 observabatur,
830 1798 937 1853 civitate
951 1796 1069 1852 Romana

94 1879 273 1936 donavimus:
288 1881 381 1936 multis
394 1879 488 1936 additis
505 1881 602 1954 modis,
618 1899 668 1956 per
680 1899 749 1957 quos
762 1883 850 1956 possit
861 1879 971 1937 libertas
983 1883 1067 1936 servis

94 1981 160 2022 cum
177 1965 286 2021 civitate
300 1965 437 2038 Romana,
453 1981 522 2038 quae
538 1967 595 2022 sola
611 1967 638 2022 iu
654 1968 790 2040 praesenti
806 1974 863 2037 est,
884 1967 1024 2038 praestari.

528 2179 584 2219 t'1u'.
597 2179 637 2220 VI.

169 2265 234 2328 QUI
253 2263 406 2328 ³QUIBUS
423 2265 474 2316 EX
493 2263 621 2316 exuste
633 2263 905 2316 MANUMITTERE
924 2261 1001 2314 NON

495 2349 672 2402 POSSUNT.

166 2468 251 2528 4Νοιι
265 2481 356 2528 tamen
371 2475 523 2546 cuicunque
539 2473 640 2528 volenti
654 2473 841 2528 manumittere
857 2471 929 2528 licet,
957 2487 1017 2525 nam
1032 2473 1066 2542 is,
1085 2487 1121 2525 rr.

97 2559 146 2631 qui
172 2557 201 2612 in
221 2557 343 2613 fraudem
365 2557 529 2613 creditorum
551 2559 731 2628 manumittit,
757 2557 823 2612 nibil
849 2558 921 2630 agit,
949 2557 1011 2629 quia
1026 2555 1069 2612 lex

97 2642 175 2698 Aelia
195 2641 288 2698 Sentia
307 2641 419 2716 impedit
434 2641 601 2698 libertatem.
644 2637 744 2698 ⁵Lieet
764 2649 853 2697 autem
874 2641 999 2710 domino,
1023 2641 1068 2713 qui
1089 2641 1101 2688 l

98 2725 231 2782 solvendo
248 2743 303 2782 non
319 2733 377 2798 est,
393 2733 556 2782 testamento
577 2743 685 2782 servum
706 2743 785 2781 suum
806 2741 867 2780 cum
882 2723 1006 2780 libertate
1022 2725 1069 2779 he·

97 2811 192 2867 rodem
207 2813 367 2881 instituere,
384 2819 414 2866 ut
429 2808 475 2866 liat
490 2809 558 2866 liber
569 2811 704 2884 heresque
719 2812 744 2866 ei
755 2811 831 2866 solus
847 2817 874 2865 et
889 2809 1068 2880 necessarius,

99 2895 221 2952 simodo
237 2911 316 2950 nemo
333 2895 401 2951 alius
417 2911 449 2952 ex
465 2911 497 2950 eo
513 2897 678 2952 testamento
694 2896 773 2950 heres
789 2895 925 2964 extiterit,
947 2901 992 2948 aut
1008 2895 1069 2966 quia

98 2995 179 3036 nemo
195 2980 274 3036 heres
289 2981 407 3054 scriptus
422 2981 474 3050 sit,
491 2987 536 3035 aut
548 2982 610 3053 quia
624 2983 664 3052 is,
680 2981 727 3052 qui
741 2981 859 3052 scriptus
875 2987 933 3050 est,
951 2977 1070 3051 qualibet

100 3081 133 3119 ex
149 3080 228 3119 causa
244 3065 324 3120 heres
345 3081 402 3120 non
424 3066 553 3120 extiterit.
592 3065 674 3138 idque
696 3063 789 3119 eadem
809 3063 871 3138 lege
888 3063 962 3118 Aelia
978 3062 1070 3118 Sentia

100 3149 240 3222 provisum
262 3156 319 3222 est,
347 3158 374 3205 et
394 3157 482 3206 recte:
509 3149 586 3206 valde
607 3150 679 3205 enim
699 3147 919 3222 prospiciendum
940 3155 1013 3217 erat,
1040 3155 1070 3200 ut

169 3360 190 3430 ¹)
208 3365 242 3414 L.
260 3381 302 3414 un.
323 3365 351 3415 0.
370 3366 402 3414 de
416 3365 495 3417 dedit.
515 3365 557 3415 tib.
577 3367 630 3418 toll.
650 3363 685 3428 (7,
698 3364 726 3428 5)
744 3365 777 3414 L.
792 3377 833 3412 nn.
848 3361 876 3412 0.
897 3363 929 3412 de
948 3361 1008 3412 Lat.
1027 3360 1069 3412 lib.

103 3435 154 3485 toll.
175 3431 210 3495 (7,
229 3433 267 3496 6).
337 3431 359 3497 ²)
377 3434 415 3482 cic
432 3432 458 3481 Ε
476 3439 501 3482 et
517 3433 628 3498 Tbeoplv.
648 3431 680 3482 fit
692 3431 717 3481 B
736 3433 776 3484 ed.
790 3431 842 3479 Kr.
894 3425 917 3494 ³)
934 3432 972 3478 sic
989 3430 1071 3477 indere

106 3503 137 3560 v,
157 3499 304 3564 quieta.
373 3497 446 3566 ⁴)=
467 3499 523 3550 aaa.
545 3504 567 3561 1,
586 3501 627 3552 ao.
644 3502 686 3552 av.
739 3499 759 3560 5)
780 3498 820 3559 cf.
834 3496 897 3550 ,aaa
918 3497 941 3552 1,
960 3497 1001 3544 m.
1016 3495 1068 3544 21³.
