2484 3916
200 244 222 308 4
338 261 372 295 nn
392 259 460 296 tuan
480 259 633 316 neronam,
652 260 783 297 caurauni
800 261 835 296 na
854 261 946 298 cavana
965 246 987 308 Ι,
1006 248 1030 295 2.

165 407 181 454 4
199 402 323 473 laedere,
339 419 419 458 snum
449 404 547 476 cuique
562 403 692 459 tribuere.
733 395 841 458 ¹Huius
858 402 941 458 studii
954 401 1022 458 duae
1037 409 1104 457 sunt
1119 417 1170 474 po·

198 488 327 558 sitiones,
350 486 487 560 publicum
508 496 537 544 et
556 489 699 561 privatum.
730 487 868 561 publicum
888 488 931 542 ius
953 493 1009 558 est,
1038 485 1115 560 quod
1136 486 1169 540 ad

197 579 299 627 statum
318 573 358 627 rei
379 571 513 627 Romanae
534 580 655 647 spectat,
675 573 826 646 privatum,
848 571 921 645 quod
942 571 974 626 ad
995 569 1170 644 singulorum

199 655 343 712 utilitatem
358 657 488 730 pertinet.
524 657 667 713 dicendum
682 664 725 714 est
740 658 825 732 igitur
839 655 896 712 de
888 671 947 712 rure
961 657 1076 730 privato,
1093 653 1170 728 quod

198 742 365 814 tripertitum
381 750 440 810 est;
462 741 607 797 collectum
629 749 671 798 est
691 743 762 798 enim
784 758 816 798 en
831 739 997 797 naturalibus
1015 740 1169 854 praeceptis

199 833 245 881 aut
260 827 383 900 gentium
399 833 445 882 aut
460 825 591 882 civilibus

631 1006 688 1046 m.
702 1006 733 1046 11.

294 1109 344 1158 DE
363 1107 452 1158 lURE
470 1106 668 1174 NATURALI,
687 1106 858 1160 GENTIUM
875 1107 924 1158 ET
942 1105 1067 1160 CIVILI.

147 1264 182 1304 ar.
264 1240 331 1302 ²lus
347 1247 469 1302 naturale
494 1255 551 1319 est,
578 1247 652 1321 quod
678 1255 775 1304 natura
801 1249 889 1304 omnia
915 1247 1036 1303 animalia
1062 1245 1167 1303 docuit.

198 1348 259 1388 nam
274 1333 316 1388 ius
331 1331 404 1386 istud
420 1347 476 1387 non
492 1332 603 1388 humani
618 1334 727 1406 generis
747 1334 888 1406 proprium
904 1339 960 1403 est,
982 1331 1030 1387 sed
1045 1333 1167 1388 omniurn

198 1417 367 1487 animalium,
384 1433 452 1489 qnae
467 1418 494 1471 in
509 1417 601 1488 caelo,
617 1433 686 1490 quae
700 1418 728 1472 iu
740 1423 829 1487 terra,
846 1433 914 1490 quae
929 1417 956 1472 in
972 1417 1038 1472 mari
1048 1432 1167 1472 nascun-

197 1509 253 1556 tur.
288 1501 352 1556 hinc
376 1500 516 1557 descendit
536 1503 614 1556 maris
642 1510 725 1576 atque
750 1501 865 1558 feminae
886 1501 1058 1574 coniugatio,
1086 1517 1167 1574 quam

198 1603 248 1641 nos
270 1586 471 1641 matrimonium
497 1585 675 1660 appellamus,
703 1585 765 1641 hinc
785 1584 932 1641 liberorum
959 1587 1112 1682 procreatio
1140 1593 1168 1639 et

198 1669 336 1724 educatio:
358 1669 479 1724 videmus
500 1671 600 1726 etenim
620 1677 709 1726 cetera
731 1685 842 1743 quoque
863 1669 984 1725 animalia
1003 1669 1107 1724 istius
1099 1671 1167 1724 ruris

165 1759 178 1806 1
197 1754 295 1834 peritia
320 1753 433 1810 censeri.
479 1753 522 1808 lus
548 1760 638 1808 antem
659 1753 736 1809 civile
756 1753 799 1808 vel
820 1755 943 1827 gentium
964 1754 1001 1808 ita
1022 1751 1166 1810 dividitur:

198 1825 312 1892 ³omnes
328 1836 439 1910 populi,
456 1838 502 1910 qni
517 1836 623 1910 legibus
640 1846 668 1894 et
682 1837 803 1894 moribus
823 1846 973 1912 reguntur,
995 1839 1092 1911 partim
1114 1853 1166 1892 suo

197 1923 326 1994 proprio,
352 1921 448 1994 partim
476 1923 613 1977 communi
639 1924 759 1978 omnium
785 1923 956 1980 hominum
949 1939 1008 1978 rnre
1034 1929 1165 1978 utuntur:
1224 1985 1225 1990 η

198 2021 259 2060 nam
276 2005 351 2080 qnod
367 2007 483 2079 quisque
496 2005 645 2080 populns
637 2023 696 2080 ipse
717 2005 832 2064 sibilus
854 2009 1013 2076 constituit,
1033 2006 1087 2062 ιιι·
1079 2009 1165 2080 ipsius

198 2091 340 2165 proprium
354 2092 473 2148 civitatis
483 2099 525 2148 est
537 2099 702 2166 vocaturque
713 2093 756 2148 ius
768 2092 861 2163 civile,
878 2093 954 2165 quasi
969 2093 1012 2146 ius
1023 2093 1165 2165 proprium

197 2177 283 2249 ipsius
299 2177 427 2232 civitatis:
444 2175 518 2249 quod
533 2193 597 2232 vero
613 2177 743 2232 naturalis
758 2178 827 2232 ratio
842 2179 914 2232 inter
930 2193 1023 2232 omnes
1039 2176 1164 2232 homines
1223 2239 1224 2248 χ

154 2311 157 2316 .
197 2262 357 2330 constituit,
376 2260 404 2316 id
420 2261 492 2332 apud
507 2277 601 2316 omnes
615 2261 734 2333 populos
757 2277 894 2335 peraeque
915 2259 1070 2319 custoditur
1085 2277 1165 2316 voea-

196 2352 297 2414 turque
311 2345 353 2398 ius
368 2345 506 2416 gentium,
524 2345 600 2416 quasi
614 2361 669 2417 quo
685 2345 744 2400 iure
760 2361 852 2400 omnes
868 2352 965 2419 gentes
982 2353 1107 2400 utuntur.
1137 2353 1166 2400 et

196 2426 315 2500 populus
330 2429 422 2499 itaque
436 2425 572 2490 Romanus
587 2429 684 2500 partim
699 2443 749 2482 suo
765 2431 893 2502 proprio,
914 2431 1012 2502 partim
1027 2431 1165 2486 communi
1222 2495 1223 2502 ἵ

197 2511 317 2566 οιιιιιιιιιιι
332 2511 470 2566 hominum
487 2513 545 2566 inre
561 2513 655 2566 utitur.
690 2527 760 2583 quae
778 2514 886 2586 singula
908 2513 996 2586 qualia
1010 2522 1090 2584 suut,
1106 2516 1165 2570 suis

163 2593 263 2650 utonis
278 2611 472 2668 proponemus.
511 2594 565 2650 Sed
584 2596 627 2650 ius
648 2595 756 2668 quidem
777 2597 855 2654 civile
876 2615 910 2654 en
925 2615 1086 2671 unaquaque
1102 2600 1164 2654 civi-

197 2687 251 2735 tate
267 2677 433 2753 appelletur,
449 2679 533 2734 veluti
548 2679 768 2736 Atheniensium:
784 2698 844 2736 nam
860 2684 883 2738 si
900 2683 959 2755 quis
975 2682 1040 2738 velit
1052 2682 1162 2738 Solonis

197 2763 239 2818 vel
254 2763 380 2820 Draconis
396 2764 471 2838 leges
487 2762 622 2836 appellare
637 2765 679 2832 ius
691 2764 768 2819 civile
783 2765 1006 2837 Atheniensium,
1021 2783 1078 2822 non
1091 2783 1163 2822 erra·

196 2848 273 2902 verit.
305 2849 344 2902 sic
359 2849 430 2903 enim
445 2850 546 2918 etius,
562 2865 617 2920 quo
633 2847 751 2921 populus
763 2847 898 2906 Romanus
911 2851 1012 2921 utitur,
1027 2852 1070 2905 ius
1086 2852 1163 2906 civile

196 2929 378 2986 Romanorum
393 2932 558 3006 appellamus
574 2933 674 2987 velius
690 2930 849 3004 Quiritium,
867 2951 921 3006 quo
944 2932 1063 3000 Quirites
1081 2944 1163 2990 ntun-

197 3021 256 3083 tur;
272 3014 383 3070 Romani
398 3017 469 3072 enim
484 3035 499 3072 a
514 3015 625 3084 Quirino
642 3015 758 3084 Quirites
771 3018 948 3090 appellantur.
973 3015 1020 3074 sed
1034 3021 1161 3091 quotiens

196 3115 252 3154 non
273 3098 410 3171 addimus,
434 3103 509 3156 euius
537 3103 573 3157 sit
597 3101 726 3172 civitatis,
753 3109 878 3156 nostrum
897 3103 938 3156 ius
961 3101 1159 3176 significamus:

196 3185 276 3239 sicuti
296 3200 358 3240 curn
378 3194 487 3258 poetam
508 3185 620 3242 dicimus
641 3202 691 3242 nec
716 3185 838 3240 addimus
859 3203 973 3257 nomen,
1000 3186 1161 3244 subauditur

264 3397 375 3468 ¹)=L.
395 3403 417 3449 1.
437 3403 497 3462 §.2
516 3403 623 3455 Ι)1ι,,ι
643 3400 935 3464 exUlp.lib.1iuctit.
1006 3397 1158 3466 ²)=L.l

239 3470 317 3518 3..D
336 3471 465 3521 deiuetit.
485 3469 520 3532 (1,
541 3469 566 3534 1)
596 3469 789 3532 encolpio.
881 3464 1017 3533 3)--τιιαι.
1039 3472 1066 3529 1,
1088 3474 1110 3524 l.
1133 3481 1161 3521 et

246 3538 323 3589 9..D
341 3539 373 3586 de
391 3539 468 3588 instit.
489 3533 523 3603 (1,
544 3534 578 3603 1.)
