2484 3916
438 195 474 230 aa
495 194 615 232 caesura
634 180 670 244 II,
689 182 729 232 20.
847 157 850 166 ¹
1028 179 1068 244 87

96 341 201 414 eligere
214 337 351 412 cupiente,
367 354 401 394 ne
412 345 506 410 pereat
521 337 641 410 legatum
657 335 742 412 (quod
758 336 881 411 plerique
896 336 1070 410 prudentium

101 430 197 488 contra
212 421 426 480 benevolentiam
441 420 676 494 introducebant),
697 421 834 478 fortunam
851 438 911 478 esse
926 422 1006 478 huius
1022 438 1070 495 op·

90 509 181 576 tionis
195 507 311 564 iudicem
327 514 355 563 et
370 513 445 562 sorte
457 523 516 562 esse
533 505 788 578 hoodirimendum,
804 512 849 578 ut,
866 505 898 562 ad
914 521 994 580 quem
1008 522 1070 562 sors

97 594 257 667 perveniat,
272 591 345 647 illius
362 592 497 647 sententia
512 592 540 648 in
557 592 669 665 optione
683 589 839 664 praecellat.

162 676 260 750 legari
271 683 360 732 autem
375 675 428 732 illis
440 675 506 732 solis
517 683 620 750 potest,
636 693 697 732 cum
709 674 807 750 quibus
823 676 979 732 testamenti
989 674 1070 732 tactio
1089 690 1122 738 24

96 770 151 818 est.
181 760 294 817 incertis
309 777 374 816 vero
389 762 514 834 personis
534 777 624 834 neque
644 760 735 834 legata
755 775 845 833 neque
865 758 1071 816 fideicommissa
1088 772 1121 822 25

97 847 163 902 olim
180 845 298 920 relinqui
313 861 474 902 conoessum
489 853 561 902 erat:
583 861 643 900 nam
664 861 715 900 nec
729 844 806 900 miles
828 843 937 918 quidem
952 845 1070 900 incertae

96 945 233 1004 personae
258 936 368 1003 poterat
388 929 561 1004 relinquere,
586 937 618 984 ut
642 929 720 984 divus
747 927 897 984 Hadrianus
919 929 1069 1001 rescripsit.

99 1010 223 1070 ¹iucerta
237 1022 327 1070 autem
342 1031 459 1088 persona
473 1013 622 1085 videbatur,
638 1029 718 1087 quam
730 1015 832 1070 ineerta
843 1014 971 1088 opinione
982 1013 1070 1068 auimo

96 1116 150 1156 suo
173 1106 289 1154 testator
309 1097 467 1170 subiciebat,
488 1099 572 1154 veluti
592 1101 615 1154 si
636 1101 696 1172 quis
717 1100 755 1154 ita
774 1096 858 1154 dieat:
886 1112 1071 1162 omouarouc

96 1199 184 1241 mro
200 1199 265 1240 uso
285 1200 319 1240 ur
333 1199 557 1242 marmoreum
571 1200 683 1240 rrcrau
704 1197 787 1241 suam
803 1174 1072 1252 connooovsarr,²

96 1283 342 1326 sinuessanus
357 1284 593 1326 rcnuuruumuar
603 1283 705 1326 nano:
721 1266 788 1323 illud
803 1283 924 1341 quoque,
940 1266 1014 1340 quod
1030 1266 1072 1322 his

98 1351 320 1426 relinquebatur,
342 1355 388 1427 qui
408 1362 473 1426 post
487 1361 679 1408 testamentum
701 1353 829 1425 scriptum
850 1353 929 1426 primi
944 1350 1071 1407 consules

98 1437 235 1510 designati
251 1446 347 1510 eruut,
368 1454 453 1512 aeque
472 1439 591 1494 incertae
610 1453 744 1511 personae
765 1437 850 1510 legari
865 1434 1020 1491 videbatur:
1044 1443 1072 1489 et

97 1521 218 1596 denique
233 1521 334 1578 multae
349 1522 415 1578 aliae
430 1521 584 1578 huiusmodi
606 1523 710 1596 species
730 1529 804 1576 sunt.
835 1519 944 1576 libertas
961 1534 1072 1593 quoque

96 1623 157 1662 uon
173 1605 313 1664 videbatur
327 1622 409 1681 posse
423 1609 541 1664 incertae
561 1621 695 1680 personae
710 1605 783 1675 dari,
805 1606 866 1678 quia
886 1603 1009 1678 placebat
1023 1619 1072 1658 uo·

97 1692 223 1746 minatim
244 1707 338 1748 servos
359 1690 477 1747 liberari.
514 1698 590 1762 tutor
611 1707 722 1766 quoque
742 1697 833 1746 certus
855 1688 912 1744 dari
927 1679 1072 1744 debebat³

96 1773 150 1832 sula
168 1783 241 1832 certa
255 1793 320 1832 vero
336 1775 582 1847 demonstratione,
602 1776 629 1832 id
645 1783 687 1831 est
702 1791 735 1831 en
749 1776 832 1832 certis
847 1774 971 1848 personis
986 1774 1074 1830 incer-

5 1919 6 1926 ,
98 1869 144 1916 tae
160 1876 295 1933 personae
310 1867 384 1916 recte
400 1859 557 1935 legabatur,
579 1861 663 1920 veluti
682 1877 722 1916 nx
739 1874 894 1918 coortam
910 1873 1000 1929 maus,
1018 1873 1074 1921 oua

96 1959 188 2004 nunc
210 1961 303 2016 sorar,
329 1960 359 2002 st
381 1960 453 2010 oms
474 1961 584 2002 armam
604 1961 692 2002 arnam
716 1959 846 2002 uxonnu
865 1959 1020 2013 nuxnnrr,
1041 1958 1075 1999 ar

96 2045 204 2088 umens
219 2045 302 2090 unos
314 2046 411 2088 ranan
422 2047 486 2086 anu
498 2047 592 2090 caro.
619 2031 730 2085 incertis
744 2035 834 2084 autem
845 2027 971 2100 personis
985 2027 1076 2100 legata

97 2115 142 2170 vel
160 2112 366 2172 fideicommissa
378 2114 472 2170 relicta
483 2123 511 2171 et
521 2132 571 2189 per
582 2130 703 2170 errorem
715 2113 807 2168 soluta
817 2112 905 2184 repeti
915 2127 970 2166 nou
981 2127 1074 2184 posse,
1131 2161 1137 2171 ‚

96 2199 187 2255 sacris
206 2198 447 2256 constitutionibus
468 2207 576 2256 cautum
596 2206 663 2254 erat.
698 2197 828 2252 Postumo
855 2210 964 2268 quoque
985 2194 1073 2250 alieno
1091 2195 1125 2244 26

97 2283 237 2340 inutiliter
255 2282 410 2357 legabatur:
436 2292 479 2340 est
499 2292 589 2340 autem
615 2281 718 2338 alienus
744 2288 904 2354 postumus,
928 2279 975 2352 qui
994 2286 1073 2334 natus

96 2370 174 2425 iuter
188 2385 255 2424 suos
268 2369 381 2424 heredes
394 2370 530 2425 testatoris
546 2368 655 2423 iuturus
666 2383 722 2422 non
737 2373 793 2422 est:
808 2364 925 2438 ideoque
941 2381 974 2420 en
985 2380 1074 2418 eman·

96 2455 191 2527 cipato
209 2450 264 2508 filio
281 2462 430 2527 conceptus
441 2470 527 2526 nepos
542 2461 686 2508 extraneus
702 2458 760 2506 erat
774 2457 918 2524 postumus
934 2465 993 2504 avo.
1020 2447 1075 2504 Sed
1093 2449 1127 2498 2⁷

97 2554 152 2594 nec
169 2537 325 2594 huiusmodi
339 2539 443 2614 species
459 2539 567 2612 penitus
583 2537 698 2592 estsine
713 2537 784 2594 iusta
794 2533 983 2592 emendatione
997 2531 1075 2588 dere·

97 2622 183 2694 licta,
205 2639 266 2678 cum
281 2623 309 2678 iu
324 2631 420 2678 uostro
435 2621 527 2678 codice
543 2614 723 2678 constitutio⁴
743 2622 833 2694 posita
853 2625 910 2689 est,
931 2633 1074 2693 perquam

97 2716 128 2762 et
145 2707 210 2763 huie
217 2708 287 2780 parti
299 2700 484 2763 medevaus⁵
499 2722 555 2764 uon
569 2705 659 2762 solum
670 2707 698 2762 in
710 2701 979 2780 hereditatibus,sed
995 2702 1074 2756 etiam

96 2794 128 2848 in
145 2791 245 2866 legatis
261 2798 288 2847 et
304 2789 534 2848 fideicommissis:
550 2790 625 2864 quod
639 2788 779 2846 evidenter
793 2807 826 2845 ex
840 2788 924 2862 ipsius
940 2785 1074 2842 coustitu-

97 2877 186 2932 tionis
201 2876 318 2932 lectione
333 2877 466 2934 clarescit.
498 2883 574 2934 tutor
589 2883 678 2932 autem
698 2891 750 2932 uec
769 2891 820 2948 per
839 2879 959 2930 nostram
975 2871 1075 2927 cousti-

103 3043 308 3050 --—---.——.——-

174 3141 193 3205 ¹)
211 3142 252 3204 ἕξ.
270 3143 312 3192 25.
331 3143 373 3196 26.
387 3163 420 3184 =
435 3143 491 3193 Gai.
510 3144 538 3201 2,
558 3142 794 3194 ⁶238...241mut.
875 3139 896 3202 ²)
915 3141 953 3190 sio
968 3139 1024 3190 Gai.
1038 3138 1074 3201 cf.

4 3219 14 3233 “
104 3209 220 3274 ΤΙιεορΙι.
240 3209 349 3260 dederit
366 3209 395 3260 id
408 3213 451 3262 est
463 3209 642 3261 collocaverit
659 3209 734 3260 codd.
747 3216 795 3258 oet.
815 3214 839 3258 et
849 3209 968 3273 plerique
986 3209 1074 3256 ceteri.

101 3275 215 3328 dederit
233 3280 274 3330 ed.
292 3276 367 3329 Sebr.
452 3277 473 3340 ³)
492 3282 567 3328 tutor
589 3293 615 3342 q.
635 3293 658 3326 c.
678 3276 704 3326 d.
728 3275 850 3326 debebat
874 3276 929 3326 Gai.
960 3275 1005 3322 W·
1022 3289 1076 3322 cum

97 3345 195 3410 paucio
210 3347 288 3408 infer.
307 3361 355 3399 om.
373 3343 503 3396 BPEWb
525 3346 637 3410 Tbeoph.
715 3341 735 3406 ⁴)
755 3358 820 3410 quoe
836 3344 925 3408 periit.
945 3341 979 3403 cf.
998 3339 1030 3388 L.
1051 3342 1074 3390 1.

100 3412 346 3533 ssegleeglqp.ap}iera.
366 3413 399 3479 (6,
417 3413 470 3478 48).
534 3409 555 3478 ⁵)
573 3416 611 3464 sic
628 3410 755 3472 BcbWe,
774 3410 944 3464 medebimur
961 3406 1075 3458 1²13er
