2484 3916
175 159 218 224 90
253 177 288 210 ns
308 173 487 210 tornaricus
507 172 647 215 securos.
666 173 701 208 on
720 172 792 210 neca
813 157 1110 220 ricc1n1s11,2l.22.

175 318 295 392 quamvis
321 308 404 370 alias¹
431 315 545 370 militum
572 315 725 370 voluntates
746 317 775 370 iu
796 313 951 371 ordinandis
974 316 1145 376 testamentis

174 401 250 456 valde
266 399 452 456 observantur.
477 400 556 472 'quin
577 401 656 455 etiam
675 415 726 456 uec
746 397 897 456 libertatem
916 414 1021 472 poenae
1036 401 1146 454 nomme

175 485 232 540 dari
250 501 333 558 posse
352 482 483 559 placebat.
520 501 552 540 eo
574 483 688 558 amplius
704 501 754 540 nec
774 482 901 540 heredem
916 499 1021 556 poenae
1037 485 1147 538 nomine

175 569 243 624 adici
257 585 339 642 posse
351 567 465 624 Sabinus
481 567 662 640 existimabat,
674 568 759 624 veluti
774 569 797 624 si
810 569 869 641 quis
884 569 922 622 ita
937 566 1022 622 dicat:
1039 584 1147 625 cirrus

180 669 283 712 nunes
297 667 393 710 saro:
410 669 439 710 st
454 669 558 710 rimus
573 668 683 710 amasia
698 667 781 710 sosia
793 666 863 710 smo
878 669 912 710 m
923 667 1148 710 uarmuourou

175 752 532 809 conuooevsmr,sn1os
554 753 682 802 ouooun
701 753 802 794 nanas
823 751 917 794 asro:
938 735 1006 792 nihil
1021 738 1093 792 euim
1107 738 1148 792 in·

177 829 288 893 tereret,
304 839 357 895 qua
372 823 476 878 ratione
492 821 578 878 Titius
594 830 766 894 coerceatur,
782 829 874 876 utrum
888 819 973 894 legati
988 819 1098 878 datione
1115 837 1148 876 an

176 905 317 963 coheredis
344 906 503 962 adlectione.
540 914 567 962 at
592 906 745 962 huiusmodi
772 905 968 979 scrupulositas
990 904 1148 966 nobishoc

175 991 276 1065 placuit
296 998 323 1046 et
338 989 502 1064 generaliter
522 1007 567 1062 ea,
584 1007 652 1064 quae
667 991 873 1064 relinquuntur,
894 989 957 1046 licet
976 1005 1082 1062 poenae
1097 1007 1149 1044 no-

176 1077 247 1132 mine
268 1074 369 1130 luerint
388 1075 483 1130 relicta
504 1075 546 1131 vel
566 1074 688 1148 adempta
708 1075 751 1130 vel
776 1076 804 1130 in
823 1075 890 1131 alios
911 1073 1056 1146 translata,
1081 1073 1149 1129 nihil

175 1159 275 1214 distare
290 1175 305 1212 a
320 1160 418 1216 ceteris
434 1159 532 1234 legatis
546 1151 757 1216 constituimus²
777 1158 821 1214 vel
835 1160 863 1215 in
878 1157 967 1215 dando
989 1157 1032 1214 vel
1047 1157 1150 1230 inadi-

175 1243 274 1298 meudo
289 1242 332 1298 vel
346 1244 374 1298 in
389 1243 592 1300 transferendo:
614 1245 733 1317 exeeptis
749 1245 790 1300 liis
805 1243 945 1314 videlicet,
962 1259 1031 1316 quae
1046 1244 1150 1316 impos·

175 1327 262 1382 sibilia
280 1336 346 1384 suut
361 1327 402 1384 vel
418 1327 524 1403 legibus
538 1327 680 1384 interdicta
696 1336 741 1384 aut
752 1328 815 1384 alias
829 1327 975 1402 probrosa:
991 1327 1151 1401 huiusmodi

175 1413 246 1468 enim
262 1419 422 1470 testatorum
438 1413 631 1487 dispositiones
646 1412 750 1484 valere,
767 1420 839 1469 secta
853 1420 1008 1486 temporum
1023 1428 1151 1468 meorum

176 1513 231 1553 nou
247 1498 357 1571 patitur.

592 1692 649 1732 uir.
661 1692 725 1734 XXI.

379 1795 429 1844 DE
447 1795 690 1845 ADEMPTIONE
708 1795 946 1847 LEGATORUM.

124 1925 160 1965 Pr·
241 1917 385 1992 Ademptio
396 1917 559 1992 legatorum,
574 1919 630 1988 sive
641 1916 737 1974 eodem
749 1927 911 1976 testamento
927 1918 1079 1974 adimantur
1091 1919 1151 1974 sive

177 2001 322 2074 codicillis,
338 2001 414 2060 firma
429 2011 487 2074 est,
503 2004 558 2058 sive
574 2003 715 2059 contrariis
732 2001 819 2060 verbis
836 2001 881 2060 liat
896 2003 1048 2076 ademptio,
1065 2004 1151 2059 veluti

174 2090 209 2160 si,
226 2088 299 2163 quod
314 2089 352 2144 ita
367 2089 426 2162 quis
442 2087 572 2161 legaverit
583 2104 625 2146 no
641 2103 736 2159 oneo,
751 2089 787 2143 ita
802 2088 934 2144 adimatur
945 2103 1009 2148 Nora
1022 2104 1066 2145 oo
1083 2104 1152 2146 raon

175 2189 276 2245 oneo,
297 2175 353 2230 sive
375 2189 430 2230 uon
445 2174 603 2244 contrariis,
625 2172 652 2228 id
673 2181 715 2229 est
735 2172 792 2228 aliis
814 2171 1031 2246 quibuscumque
1046 2171 1150 2228 verbis.

143 2259 327 2314 1’lranslerri
350 2274 460 2331 quoque
480 2257 600 2330 legatum
621 2255 653 2311 ah
675 2257 726 2314 alio
747 2256 779 2312 ad
800 2256 881 2312 alium
895 2264 1003 2331 potest,
1024 2257 1112 2314 veluti
1128 2259 1151 2312 si
1229 2293 1230 2296 =

177 2345 238 2416 quis
258 2345 296 2398 ita
316 2341 425 2398 dixerit:
455 2357 600 2398 sommum
623 2343 775 2413 screnum,
798 2358 885 2407 ouum
906 2357 995 2400 rimo
1018 2358 1150 2412 usuum,

177 2441 306 2482 suropo
326 2440 427 2494 use0,
451 2426 555 2480 sivein
579 2425 674 2482 eodem
694 2435 857 2482 testamento
878 2427 934 2482 sive
961 2424 989 2482 ln
1016 2425 1149 2484 codicillis

176 2509 229 2566 hoc
244 2509 353 2566 lecerit:
370 2523 424 2582 quio
440 2525 504 2564 casu
519 2509 599 2566 simul
611 2509 681 2566 'litio
697 2510 777 2567 adimi
793 2509 898 2566 videtur
913 2519 941 2566 ct
956 2510 1020 2568 Seio
1036 2510 1103 2568 dari.

590 2707 647 2748 aar.
660 2707 741 2752 xxii..

476 2809 526 2858 Dii
545 2809 642 2861 LEGE
660 2809 843 2861 FALOIDIA.

123 2931 160 2971 rr.
242 2931 387 3005 Superest,
410 2939 448 3013 ut
461 2931 494 2988 de
509 2932 570 3007 lege
586 2931 700 2989 Falcidia
715 2933 901 3007 dispiciamus,
918 2951 970 3008 qua
985 2933 1084 2990 modus
1099 2953 1150 2990 no-

176 3017 283 3072 vissime
304 3016 401 3090 legatis
422 3018 565 3090 impositus
586 3025 637 3074 est.
674 3019 826 3074 cumcuim
848 3018 911 3074 olim
926 3018 989 3092 lege
1004 3019 1149 3076 duodecim

99 3152 102 3156 .
177 3100 330 3156 tabularum
352 3099 434 3157 libera
455 3110 512 3158 erat
538 3101 645 3175 legendi
660 3109 797 3176 potestas,
823 3109 854 3157 ut
874 3103 968 3159 liceret
988 3102 1032 3158 vel
1057 3111 1150 3159 totum

178 3185 370 3258 patrimonium
384 3186 482 3260 legatis
499 3203 612 3260 erogare
634 3186 745 3261 (quippe
760 3203 791 3242 ea
805 3187 868 3261 lege
882 3190 920 3244 ita
935 3194 1044 3243 cautum
1060 3196 1149 3245 esset:

176 3317 243 3324 ———-
255 3319 379 3328 Ἥ

246 3383 264 3446 ¹)
282 3386 320 3434 sio
342 3383 456 3448 Tlteoplr.
470 3386 551 3448 pauci
567 3385 642 3434 codd.
661 3385 739 3446 infer.
767 3384 841 3436 aliae
860 3401 895 3436 cor
913 3388 987 3440 codd.
1012 3394 1062 3450 net.
1087 3389 1149 3450 edd.

178 3448 251 3500 Salar.
269 3459 295 3501 et
311 3451 362 3503 Kr.
432 3449 452 3513 ²)
471 3451 503 3500 L.
521 3467 562 3500 un.
583 3451 609 3503 0.
628 3453 660 3502 de
678 3451 729 3515 tis,
748 3469 813 3518 quoe
828 3469 930 3518 poenae
949 3451 984 3519 (6,
1002 3453 1056 3518 41).
