2484 3916
189 287 192 293 Α
239 271 240 276 ¹
279 229 315 266 ou
336 227 530 267 rnsruunurrs
550 227 723 266 conrnuuorn
742 183 786 276 11,
800 216 840 268 10.
1009 206 1051 278 59

78 373 133 430 fide
148 371 313 447 possidetis,
334 371 377 427 vel
397 387 446 445 per
466 370 576 428 liberam
590 387 751 444 personam,
768 387 837 444 quae
851 370 922 428 bona
937 369 990 428 lide
1005 387 1052 428 vo·

77 458 122 531 bis¹
142 458 242 528 servit,
267 455 419 530 adquiritur
438 454 532 525 vobis,
556 455 707 512 sedetiam
733 457 886 530 possessio:
912 455 1052 529 loquimur

77 551 171 599 autem
184 543 214 598 in
229 542 372 614 utriusque
386 556 505 614 persona
518 539 667 598 secundum
678 537 876 610 definitionem,
892 557 973 614 quam
988 557 1053 614 pro·

79 629 151 684 xime
171 627 362 700 exposuimus,
382 625 411 681 id
431 632 473 682 est
494 626 520 694 si
538 641 619 698 quun
638 625 840 697 possessionem
864 641 897 681 ex
917 641 947 682 re
962 632 1051 682 vestm

78 711 122 768 vel
136 728 171 768 er
186 709 315 784 operibus
329 711 386 767 suis
402 709 492 782 adepti
508 709 619 767 luerint.
645 707 683 764 lia
698 709 739 765 his
754 709 845 781 itaque
859 718 985 782 apparet,
1000 726 1051 783 per
1069 719 1085 768 5

78 795 180 852 liberos
197 795 335 865 homines,
356 811 426 868 quos
442 794 533 868 neque
546 801 638 850 vestro
659 793 712 852 iuri
731 791 869 852 subiectos
886 791 989 850 hahetis
1004 810 1051 850 ne·

77 897 133 954 que
147 879 219 936 nona
239 873 292 936 lide
312 879 474 954 possidetis,
495 880 560 936 item
580 895 630 952 per
650 875 751 936 adenoa
774 893 883 948 servm,
903 878 930 932 in
953 877 1050 951 quibus

76 979 171 1038 neque
184 963 383 1020 usumfructum
399 963 606 1038 muniensque
626 964 724 1020 iustam
739 963 957 1036 possessiouem,
978 961 1052 1018 nulla

77 1065 207 1106 excausa
226 1048 303 1104 robis
323 1048 431 1122 adquiri
450 1064 541 1122 posse.
558 1099 560 1102 .
579 1055 607 1104 et
627 1047 681 1104 hnc
700 1055 759 1118 est,
780 1046 854 1120 quod
869 1046 983 1117 dicitur,
1002 1063 1052 1120 per

77 1142 232 1190 extraneam
246 1149 390 1208 personam
406 1133 474 1189 nihil
488 1133 594 1206 adquiri
609 1146 706 1205 posse:
723 1138 837 1206 excepto
852 1148 897 1201 eo,
913 1131 987 1204 quod
1002 1147 1051 1205 per

76 1217 190 1274 liberam
209 1235 353 1292 personam
374 1217 459 1274 veluti
477 1233 527 1291 per
546 1224 751 1290 procuratorem
777 1216 866 1290 placet
886 1232 941 1272 uon
961 1215 1051 1274 solum

77 1301 242 1374 scientibus,
262 1301 312 1358 sed
332 1303 413 1358 etiam
427 1300 615 1375 ignorantibus
631 1300 707 1358 volsis
723 1300 829 1374 adquiri
848 1301 1051 1374 possessionem

76 1386 228 1444 secundum
242 1386 297 1442 divi
312 1385 404 1442 Severi
420 1387 642 1456 constitutionem
658 1394 685 1442 et
700 1386 834 1460 perhanc
848 1387 1051 1458 possessionem

77 1471 163 1528 etiam
175 1471 331 1541 dominium,
344 1472 368 1527 si
379 1469 506 1527 dominus
519 1470 581 1542 luit,
595 1471 642 1544 qui
655 1469 776 1541 tradidit,
789 1469 831 1524 vel
843 1485 894 1543 per
908 1470 1050 1542 usucapio·
1074 1463 1076 1466 ’

75 1547 162 1612 uem¹
176 1562 223 1611 aut
237 1555 315 1630 longi
330 1557 462 1630 temporis
478 1555 737 1629 praescriptionem,
751 1556 775 1610 si
789 1553 915 1610 dommus
932 1569 989 1608 nou
1004 1553 1049 1608 sit.

123 1632 296 1696 'Hactenus
316 1641 449 1715 tantisper
468 1639 641 1696 admonuisse
666 1637 798 1710 sufficiat,
825 1636 1050 1712 quemadmodum
1069 1649 1085 1696 6

75 1725 201 1798 singulae
225 1741 269 1782 res
293 1725 488 1799 adquiruntur:
512 1741 573 1782 nam
598 1725 752 1798 legatorum
773 1724 832 1794 ius,
858 1739 913 1796 quo
935 1729 963 1778 et
988 1724 1049 1796 ipso

75 1809 203 1884 singulae
223 1805 363 1866 res'uobis
387 1809 581 1884 adquiruntur:
608 1811 676 1865 item'
694 1807 981 1877 fideicommissorum,
1003 1805 1050 1862 uhi

74 1893 204 1968 singulae
228 1910 272 1950 res
293 1893 370 1950 volsis
396 1894 603 1968 relinquuntur,
632 1894 813 1967 opportunius
839 1891 963 1950 inferiori
988 1891 1050 1948 loco

74 1977 237 2036 refermus.
267 1977 403 2036 uideamus
416 1980 509 2052 itaque
524 1995 612 2049 nune,
633 1977 732 2051 quihus
748 1977 835 2032 modis
855 1993 905 2049 per
919 1977 1051 2032 universi»

74 2069 162 2120 tatem
180 2079 226 2118 res
246 2062 323 2119 vohis
342 2063 534 2137 adquiruntur.
572 2063 597 2118 si
618 2063 662 2118 cui
683 2078 749 2134 ergo
773 2059 888 2116 heredes
909 2060 973 2116 lacti
989 2061 1049 2116 sitis

73 2146 132 2202 sire
147 2149 226 2204 cuim
240 2147 376 2204 bonorum
390 2149 593 2221 possessionem
607 2146 742 2220 petieritis
750 2143 793 2199 vel
807 2145 831 2199 si
845 2159 926 2216 quem
935 2143 1050 2215 adroga-

73 2233 170 2290 veritis
191 2231 236 2288 vel
256 2233 280 2289 si
293 2233 372 2288 cuius
386 2231 458 2288 bonu
473 2230 628 2290 lihemetnm
643 2227 887 2286 conservandarum
909 2243 988 2284 causa
1003 2243 1050 2282 ro-

73 2316 116 2372 bis
131 2316 240 2373 addima
252 2316 372 2389 luerint,
393 2317 451 2372 eius
465 2333 510 2372 res
527 2332 620 2372 omnes
635 2314 669 2370 ad
683 2330 732 2370 vos
747 2321 898 2369 transeunt·
927 2329 960 2368 ac
973 2312 1049 2386 prius

74 2401 109 2458 de
132 2400 329 2458 hereditatibus
356 2401 536 2474 dispiciamus.
579 2415 690 2474 quarum
718 2397 818 2473 duplex
841 2397 965 2454 condicio
992 2405 1049 2453 est:

73 2502 140 2543 nam
154 2485 199 2542 vel
218 2498 257 2542 ex·
266 2493 430 2542 testamento
445 2485 489 2541 vel
512 2485 544 2541 ab
564 2487 694 2541 intestato
715 2483 748 2539 ad
769 2499 818 2538 vos
839 2483 986 2556 pertinent.
1022 2490 1050 2538 et

72 2573 152 2644 prius
174 2579 232 2642 est,
255 2579 286 2626 nt
304 2571 339 2626 de
360 2571 401 2626 his
421 2569 611 2644 dispiciamus,
637 2585 707 2644 quae
732 2567 807 2624 vobis
830 2584 863 2623 ex
884 2575 1049 2623 testamento

74 2653 236 2712 obveniunt.
273 2672 328 2728 qua
352 2657 380 2710 in
400 2671 431 2710 re
450 2656 633 2712 necessarium
652 2662 712 2725 est,
738 2654 815 2708 initio
837 2651 871 2707 de
893 2651 1048 2708 ordinandis

72 2741 248 2796 testamentis
263 2755 408 2815 exponere.

511 2935 568 2976 TIT.
581 2935 609 2977 K

272 3042 322 3092 DE
341 3038 596 3092 TESTAMENTIS
616 3035 853 3092 ORDINANDIS.

136 3149 345 3221 'Testamentum'
364 3181 398 3220 cx
412 3142 633 3236 eoappellatur,
655 3159 729 3235 quod
749 3161 860 3216 testatio
880 3161 980 3216 mentis
995 3165 1046 3215 est.
1065 3177 1101 3217 1³2.

138 3249 195 3306 Sed
215 3257 247 3306 ut
267 3249 334 3306 nihil
354 3247 522 3322 antiquitatis
537 3248 646 3320 penitus
667 3247 826 3320 ignoretur,
841 3244 983 3302 sciendum
995 3251 1049 3314 est,
1070 3245 1083 3292 l

146 3447 167 3516 ¹)
187 3465 238 3516 per
255 3449 455 3514 usucapionem
466 3448 562 3511 scripsi
573 3435 609 3496 em
624 3435 735 3510 Tdeoplt.
749 3444 947 3508 usucapionem
965 3455 1049 3492 omnes

74 3519 151 3569 codd.
170 3523 198 3568 et
216 3518 275 3568 edd.
344 3512 366 3582 ²)
384 3536 418 3557 =
438 3516 494 3566 Gai.
513 3517 537 3574 2,
556 3515 687 3568 97...1oo
704 3518 763 3564 aaut.
