2464 3916
202 231 236 264 oe
256 229 393 265 noemma
411 229 603 265 xncsnronusr
624 229 810 264 sucosssronx
829 216 880 278 111,
900 217 924 264 Ι.
989 213 1047 276 107

83 373 211 428 bonorum
227 373 426 446 possessionem
443 372 600 444 pollicetur:
622 388 653 426 ex
669 389 720 444 qua
742 380 817 444 parte
833 373 869 426 ita
884 369 987 426 scilicet
1002 372 1048 426 ad›

82 459 238 528 mittuntur,
254 458 277 511 si
293 473 380 530 neque
396 455 527 530 adgnatus
545 456 615 511 ullus
631 473 681 536 nec
697 457 846 529 proximior
860 463 992 530 cognatus
1008 458 1048 512 in·

81 543 219 596 terreniat.
249 540 281 596 Et
297 541 361 595 haec
377 540 483 613 quidem
499 541 542 596 lex
554 540 696 595 duodecim
710 539 859 595 tabularum
872 540 947 596 nullo
964 541 1045 596 modo
1064 547 1099 594 3a

80 626 242 696 introduxit,
264 625 312 681 sed
334 625 532 698 simplicitatem
554 624 660 697 legibus
682 626 791 680 amicam
811 625 946 698 amplexa,
968 626 1048 680 simili

81 711 158 766 modo
175 727 267 766 omnes
283 709 414 784 adgnatos
430 711 485 764 sive
508 709 641 765 masculos
657 712 712 764 sive
728 709 839 764 seminas
855 711 1048 783 cuiuscumque
1118 723 1121 732 ·

81 795 178 868 gradus
195 795 226 850 ad
242 793 443 850 similitudinem
459 810 571 849 suorum
586 796 700 850 invicem
716 793 749 848 ad
760 795 959 850 successionem
972 811 1047 850 voca·

80 879 135 934 hat:
157 879 242 935 media
258 887 346 934 autem
360 878 587 951 iurisprudentia,
610 895 677 952 quae
699 887 756 934 erat
777 879 838 951 lege
855 877 962 951 quidem
979 879 1047 934 duo·

78 964 162 1020 decim
178 963 327 1019 tabularum
342 965 447 1034 iunior,
468 963 598 1036 imperiali
612 971 701 1018 autem
723 963 901 1036 dispositione
917 965 1046 1034 anterior,

79 1048 226 1104 subtilitate
241 1047 353 1121 quadam
369 1049 530 1121 excogitata,
547 1048 692 1121 praefatam
709 1047 885 1102 differentiam
904 1047 1047 1103 inducebat

78 1141 104 1187 et
118 1135 226 1206 penitus
240 1149 286 1188 cas
302 1149 315 1185 a
331 1133 504 1187 successione
525 1132 703 1206 adgnatorum
719 1130 880 1205 repellebat,
904 1134 977 1187 omni
997 1131 1046 1188 alia

79 1218 248 1272 successione
268 1217 421 1289 incognita,
442 1216 529 1271 donec
549 1225 703 1289 praetores,
725 1216 852 1288 paulatim
873 1217 1045 1289 asperitatem

79 1304 143 1356 iuris
159 1301 241 1356 civilis
257 1302 427 1374 corrigentes
443 1302 509 1371 sive,
532 1301 605 1373 quod
622 1301 708 1371 deest,
725 1300 911 1373 adimplentes,
928 1301 1046 1356 humano

81 1387 219 1459 proposito
234 1385 314 1440 allum
327 1385 448 1449 ordinem
464 1387 520 1448 suis
537 1385 632 1440 edictis
647 1385 808 1440 addiderunt
822 1392 860 1455 et,
876 1387 1046 1458 cognationis

78 1471 146 1526 lineo
167 1471 345 1543 proximitatis
367 1471 475 1525 nomine
496 1469 667 1540 introducta,
683 1487 732 1542 per
746 1469 880 1524 bonorum
895 1470 1046 1540 possessio·

78 1571 137 1610 nem
154 1571 198 1610 eas
214 1553 372 1610 adiuvabant
384 1564 411 1610 et
423 1553 620 1627 pollicebantur
635 1555 677 1608 liis
687 1553 821 1610 honorum
833 1554 1045 1626 possessionem,

77 1657 143 1711 quae
159 1638 232 1694 unde
247 1641 356 1712 cognati
370 1638 530 1712 appellatur.
560 1638 615 1693 Nos
631 1655 695 1693 vero
711 1638 799 1711 legem
811 1637 953 1692 duodecim
969 1636 1044 1691 tabu·
1063 1641 1097 1691 3b

76 1723 162 1780 larum
178 1733 322 1796 sequentes
339 1731 366 1779 et
381 1725 438 1778 eius
450 1724 563 1797 vestigia
577 1725 605 1777 in
621 1724 670 1778 hac
682 1731 758 1795 parte
772 1729 974 1792 conservantes,
991 1721 1046 1776 lau-

76 1809 170 1864 damus
192 1807 298 1880 quidem
319 1815 459 1881 praetores
479 1824 544 1863 suae
566 1809 755 1878 humanitatis,
776 1823 831 1864 non
852 1816 941 1862 tamen
957 1823 1004 1862 eos
1019 1808 1046 1862 iu

10 1901 12 1906 ’
75 1893 185 1965 plenum
201 1908 296 1948 causae
311 1892 411 1948 mederi
425 1893 590 1947 invenimus:
606 1907 689 1964 quare
699 1893 809 1963 etenim,
826 1909 879 1946 uno
896 1890 1046 1964 eodemque

76 1978 164 2050 gradu
184 1976 299 2032 naturali
320 1985 499 2050 concurrente
522 1985 549 2031 et
570 1976 739 2050 adgnationis
762 1976 847 2031 titulis
869 1985 921 2030 tam
942 1977 970 2029 in
992 1992 1046 2030 ma·

74 2063 157 2117 sculis
175 2078 254 2134 quam
269 2063 296 2116 iu
307 2061 413 2116 leminis
429 2077 512 2133 aeque
528 2061 603 2115 lance
614 2061 781 2130 constitutis,
797 2059 921 2114 masculis
938 2059 1045 2130 quidem

73 2146 189 2202 dabatur
210 2145 243 2200 ad
263 2147 461 2202 successionem
485 2145 575 2199 venire
596 2147 715 2198 omnium
736 2143 931 2216 adgnatorum,
953 2159 986 2196 ex
1001 2141 1046 2196 arl-

75 2233 166 2303 guatis
182 2239 271 2284 autem
287 2227 442 2286 m'ulieribus
454 2229 535 2284 nullis
547 2229 656 2301 penitus
668 2229 719 2283 nisi
734 2227 786 2282 soli
799 2227 888 2282 sorori
903 2225 935 2280 ad
946 2225 1046 2298 adgna-

75 2323 168 2370 torum
188 2316 387 2370 successionem
414 2313 521 2387 patehat
548 2313 654 2368 aditus?
688 2311 750 2368 ideo
773 2313 800 2366 in
820 2311 931 2384 plenum
958 2311 1047 2364 omnia

73 2400 242 2454 reducentes
254 2409 281 2453 et
296 2398 328 2453 ad
343 2403 385 2454 ius
396 2398 536 2454 duodecim
553 2397 704 2452 tabularum
716 2396 828 2452 eandem
839 2395 1045 2468 dispositionem

71 2492 267 2556 exaequantes,
284 2489 376 2538 nostra
391 2474 606 2538 constitutione¹
622 2483 774 2552 sanximus,
797 2495 890 2535 omnes
912 2480 1045 2552 legitimas

72 2585 221 2642 personas,
243 2567 269 2623 id
291 2577 334 2623 est
352 2585 401 2640 per
415 2567 519 2622 virilem
534 2583 627 2621 sexum
643 2565 855 2635 descendentes,
871 2566 928 2619 sive
943 2580 1046 2618 mascu-

73 2654 119 2708 lini
134 2654 195 2708 sive
210 2652 329 2708 feminini
341 2653 449 2726 generis
465 2660 539 2722 sunt,
555 2651 635 2706 simili
647 2650 728 2706 modo
744 2649 776 2704 ad
792 2651 850 2705 iura
865 2649 1045 2704 successionis

73 2737 213 2812 legitimae
229 2736 260 2791 alr
276 2725 405 2792 intestato
424 2737 514 2791 vocari
536 2734 683 2790 secundum
701 2734 800 2808 gradus
822 2735 864 2787 sui
879 2733 1046 2805 praerogati-

72 2839 129 2876 vam
149 2837 199 2876 nec
213 2821 274 2876 ideo
287 2819 477 2890 excludendas,
494 2821 556 2893 quia
567 2820 808 2892 consanguinitatis
823 2818 882 2872 iura
893 2817 972 2871 sicuti
985 2832 1046 2889 ger·

74 2921 169 2962 manae
184 2922 239 2962 non
255 2905 362 2962 habent.
394 2905 451 2960 Hoc
466 2906 545 2960 etiam
561 2903 711 2959 addendum
733 2911 843 2961 nostrae
858 2901 1046 2956 constitutioni
1064 2914 1081 2962 4

72 2992 300 3062 existimavimus,
317 2999 346 3045 ut
362 2989 541 3045 transferatur
555 3005 624 3043 unus
640 2987 827 3044 tantummodo
844 2985 943 3062 gradus
959 3003 973 3041 a
988 2988 1047 3042 iurc

73 3077 245 3148 cognationis
267 3077 295 3130 in
316 3075 462 3149 legitimam
484 3074 700 3144 successionem,
724 3080 829 3127 utnon
851 3071 940 3126 solum
956 3070 1046 3125 fratris

75 3157 147 3214 lilius
164 3168 191 3214 et
207 3159 259 3214 lilia
274 3159 423 3216 secundum
440 3157 513 3231 quod
529 3159 580 3212 iam
596 3156 781 3227 delinivimus,
798 3155 830 3210 ad
846 3157 1046 3210 successionem

78 3327 279 3336 ——·-..-—-

146 3439 166 3506 ¹)
184 3443 215 3491 L.
235 3444 275 3496 14.
295 3442 323 3492 C.
344 3444 375 3491 de
394 3445 463 3505 legit.
491 3442 579 3492 dered.
599 3439 632 3502 (6,
651 3438 701 3501 58),
730 3441 800 3487 cuius
826 3437 884 3500 ipso
911 3433 1047 3505 everbodio

72 3515 98 3557 et
118 3510 144 3568 ξ.
162 3513 359 3576 sufferuntur.
