2484 3916
511 167 680 226 eutheario.
1032 175 1082 224 XV

94 313 186 382 'Quae
202 327 263 370 cum
278 317 315 370 itu
332 316 401 387 sint,
417 331 468 370 nec
483 315 572 370 mirari
588 314 667 385 licet,
690 314 762 388 quod
784 317 812 370 in
827 313 927 370 hutiuis
943 311 1080 370 codicibus

109 403 183 456 varie
199 416 259 456 oum
276 399 392 474 legitur,
414 399 576 474 plerumque
596 415 666 454 unus
688 399 729 455 vel
752 399 820 455 alter
841 415 873 454 ex
894 399 926 454 iis
948 414 998 454 uec
1018 413 1080 454 raro

109 501 143 540 ex
160 483 335 541 inferioribus
349 527 357 555 ,
373 485 453 539 etiam
470 501 530 539 cum
546 483 698 557 'lheophilo
720 483 866 554 consentit,
882 491 909 539 et
925 481 1010 556 (quod
1026 499 1080 538 mu·

109 571 182 626 xime
197 571 225 625 in
240 569 486 642 hacdisputationis
497 577 572 642 purte
587 567 879 642 spectaviiubieunquc
893 569 951 624 vitii
966 565 1079 623 alicuius

110 657 191 730 origo
206 656 234 710 in
250 655 310 727 ipso
326 653 478 726 Theophilo
501 653 680 712 demonstrari
701 654 789 726 possit
804 652 889 725 (velut
905 652 932 724 l,
957 653 1011 724 11,
1028 652 1077 708 13.

110 741 163 812 20,
172 738 247 810 5.)id
260 740 410 812 quominus
431 739 616 811 corrigamus,
630 737 1077 794 auctoritatemveterumcodioum

108 825 189 881 nobis
200 822 284 880 obiici
299 841 355 880 non
370 839 468 898 posse,
485 824 584 899 quippo
600 824 646 896 qui
661 823 713 896 ipsi
735 840 749 878 a
765 822 916 896 'lheophilo
934 821 1077 896 pendeant.

175 909 228 966 Sed
244 916 333 965 tumen
348 908 484 964 interdum
500 909 633 963 incertum
649 915 707 979 est,
729 923 763 962 an
784 909 877 963 vitium
894 905 1003 980 aliquod
1019 913 1078 961 ton·

108 1003 168 1050 tum
183 996 211 1051 in
227 993 387 1067 exemplari,
404 1010 458 1067 quo
474 992 642 1065 Theophilus
664 991 805 1064 utebatur,
829 1009 911 1066 quum
926 992 1079 1047 institutio·

108 1096 159 1135 nes
177 1085 314 1149 verteret,
330 1087 489 1151 tantumque
506 1077 613 1151 abipso
629 1093 685 1132 non
700 1077 914 1134 animadversum
930 1076 1026 1139 luerit,
1044 1094 1077 1132 un

107 1181 175 1220 vero
191 1165 270 1220 etiam
286 1163 444 1219 attorotheo
461 1169 488 1217 et
500 1161 673 1234 Triboniano,
689 1177 749 1217 cum
761 1161 948 1218 iustitutiones
964 1159 1077 1218 ederen-

109 1257 170 1321 tur,
192 1264 243 1322 pro
264 1263 327 1304 vera
342 1248 460 1304 lectione
476 1246 595 1302 habitum
611 1248 656 1303 sit.
701 1247 731 1302 lu
752 1246 885 1304 eiusmodi
901 1246 1076 1319 lectionibus,

109 1334 203 1407 quales
219 1341 283 1388 suut
298 1332 330 1403 ll,
345 1331 375 1402 4,
392 1332 420 1388 2.
439 1329 483 1388 ‘iu
498 1329 577 1404 ipso'
593 1348 643 1405 pro
661 1329 705 1387 ‘et
720 1330 807 1405 ipsa',
824 1331 866 1401 lll,
884 1331 935 1404 29,
952 1329 981 1387 3.
998 1329 1077 1386 ‘nul-

108 1419 151 1474 lus
168 1415 330 1492 stipulatus'
351 1433 401 1490 pro
419 1415 450 1472 ‘a
471 1415 547 1472 nullo
564 1414 740 1488 stipulatus’,
763 1416 829 1471 nihil
848 1415 1007 1472 mutandum
1023 1425 1076 1487 cst,

108 1520 142 1559 ne
157 1502 230 1558 torte
244 1503 333 1575 ipsum
353 1502 529 1557 iustinianum
550 1501 728 1574 corrigamus.
775 1499 833 1567 Quo
849 1500 910 1556 loco
926 1499 993 1555 illud
1009 1516 1077 1572 quo·

110 1605 163 1662 que
184 1603 293 1642 monere
315 1586 487 1644 commodum
508 1593 566 1658 est,
587 1587 614 1642 in
635 1586 668 1640 iis
689 1587 848 1656 sententiis,
871 1602 940 1660 quae
961 1601 994 1640 ex
1010 1583 1076 1640 Gaio

107 1673 151 1728 vel
167 1673 224 1730 aliis
239 1671 488 1728 iureconsultorum
504 1670 594 1742 libris,
612 1685 728 1744 quorum
743 1669 821 1726 nobis
842 1672 919 1745 copia
935 1677 986 1741 est,
1003 1678 1076 1725 tran·

108 1765 232 1832 sumptae
253 1766 334 1828 sunt,
356 1757 405 1812 hos
427 1759 502 1830 quasi
528 1756 619 1812 fontes
646 1757 725 1812 etiam
747 1756 775 1810 in
803 1755 890 1811 dubiis
912 1753 1074 1811 lectionibus

108 1859 164 1898 uon
185 1842 372 1918 neglegendos
394 1841 501 1914 quidem
524 1840 606 1910 (uude
622 1857 685 1912 eos,
707 1839 877 1914 llruegerum
899 1851 1025 1910 secutus,
1045 1840 1075 1894 in

107 1929 181 1983 notis
197 1927 335 2002 allegavi),
357 1942 408 1982 nec
422 1933 512 1982 tumen
527 1927 637 1980 nimium
658 1927 690 1980 iis
705 1923 879 1981 tribuendum
901 1942 976 1996 esse,
1000 1925 1075 1998 quasi

108 2012 140 2068 ad
162 2029 208 2068 eos
230 2020 357 2086 tanquam
384 2010 507 2085 regulam
534 2011 738 2066 institutionum
765 2011 852 2066 oratio
874 2009 1006 2082 exigenda
1028 2009 1072 2063 sit.

108 2097 194 2170 Saepe
210 2099 280 2152 enim
296 2096 422 2152 consulto
438 2095 517 2150 abiis
539 2094 756 2164 declinaverunt,
778 2093 876 2166 quibus
897 2110 980 2148 novas
995 2092 1075 2146 lusti-

108 2183 229 2238 tutiones
245 2197 408 2255 componere
417 2178 568 2235 mandatum
585 2186 652 2249 erat,
668 2193 719 2234 nec
730 2194 823 2234 verum
834 2179 956 2233 criticum
969 2185 1073 2250 ageret,

108 2269 249 2340 quiquam
271 2263 375 2322 dicendi
391 2265 551 2338 elegantiam
572 2265 600 2318 iu
617 2263 680 2326 Gaio
697 2263 739 2318 vel
753 2261 866 2336 Ulpiano
888 2265 968 2320 etiam
983 2261 1074 2316 invitis

107 2351 222 2406 librariis
238 2353 416 2424 requirimus,
434 2349 544 2404 eandem
556 2365 571 2404 a
583 2347 734 2421 Theophilo
751 2354 777 2403 et
789 2348 927 2406 Dorotheo
940 2349 1072 2420 exigeret.

170 2433 209 2490 En
225 2435 307 2490 habes
323 2442 464 2508 praecepta
479 2435 508 2489 in
523 2433 751 2508 recognoscendis
768 2442 795 2489 et
808 2433 980 2490 emendandis
993 2432 1073 2486 lusti·

107 2522 179 2576 niani
198 2519 417 2576 institutionibus
439 2535 496 2574 mea
518 2520 651 2575 sententia
668 2516 841 2574 observando.
879 2517 980 2586 Quibus
997 2533 1011 2570 a
1026 2531 1069 2569 me

106 2604 230 2660 adhibitis
246 2603 346 2660 lactum
369 2613 426 2676 est,
448 2612 548 2660 utnon
564 2604 655 2676 paucis
677 2603 704 2658 iu
719 2603 786 2659 locis
809 2603 840 2658 ah
857 2621 886 2659 ea
903 2603 1072 2669 recensione,

107 2707 160 2764 qua
181 2706 253 2746 nunc
267 2688 351 2763 vulgo
368 2691 483 2760 utimur,
506 2687 704 2744 deflectendum
726 2695 814 2758 esset,
835 2687 970 2744 interdurn
992 2685 1070 2740 etiarn

105 2777 158 2846 ita,
179 2781 211 2829 ut
225 2790 305 2830 verus
327 2771 380 2830 loci
395 2789 491 2830 seusus
513 2790 585 2828 nunc
601 2773 717 2846 primum
733 2774 830 2846 aperiri
846 2772 977 2828 videatur.
1008 2768 1071 2822 Gra-

106 2861 211 2915 viorum
231 2859 370 2930 locorum,
400 2859 446 2932 qui
467 2859 643 2914 mutationem
665 2859 769 2931 experti
791 2866 871 2928 sunt,
892 2857 1005 2913 indicem
1028 2854 1071 2908 hic

105 2942 233 3016 sublicio,
249 2953 280 2999 ut
294 2943 382 2999 lector
397 2943 430 2998 de
447 2950 502 2998 tota
518 2945 612 2998 nostra
626 2943 730 2998 ratione
746 2959 777 2998 ex
794 2943 850 3015 ipsa
866 2958 895 2997 re
911 2941 1014 2997 facilius
1030 2940 1071 2993 iu-

106 3028 193 3084 dicare
207 3029 304 3101 possit.
335 3029 405 3085 Sunt
420 3029 518 3102 igitur:
534 3042 656 3100 prooem.
675 3027 702 3083 3.
720 3027 746 3097 l,
766 3027 814 3098 10,
833 3027 880 3083 13.
899 3026 955 3099 20,
972 3027 1001 3083 5.
1019 3023 1070 3095 26,

106 3115 132 3172 3.
150 3114 177 3170 5.
194 3113 226 3185 ll,
244 3116 272 3185 1,
290 3116 317 3172 6.
336 3113 385 3170 23.
405 3113 455 3170 39.
472 3111 522 3168 41.
542 3113 592 3184 10,
610 3112 657 3168 10.
678 3111 777 3182 14,5.
798 3112 824 3168 7.
845 3112 893 3182 17,
911 3109 952 3183 (6)
970 3113 997 3168 7.
1018 3108 1069 3180 22,

107 3201 134 3256 1.
153 3197 203 3270 23,
220 3198 248 3254 7.
266 3199 295 3256 8.
314 3199 363 3255 12.
382 3197 495 3272 25,pr.
512 3195 656 3268 lll,1‚8.
677 3196 835 3270 16.2,pr.
854 3195 881 3252 2.
900 3197 928 3252 3.
947 3197 977 3268 6,
994 3195 1020 3252 5.
1039 3195 1067 3252 6.

106 3281 300 3358 10.9‚pr.1o.
312 3285 361 3340 12.
374 3283 465 3354 10‚3.
478 3280 601 3353 11‚1.5.
613 3281 667 3352 19,
685 3281 810 3353 2923,
828 3281 916 3354 224,
933 3280 999 3337 34.
1018 3278 1069 3348 25,

105 3369 132 3426 9.
151 3367 202 3440 26,
218 3367 246 3426 3.
264 3367 314 3439 27,
332 3369 360 3426 5.
379 3368 406 3424 7.
425 3368 476 3438 29,
493 3365 521 3422 2.
539 3366 568 3422 3.
585 3365 628 3438 lV,
646 3365 787 3434 1,8.11.
805 3366 835 3440 2,
853 3368 880 3422 1.
899 3367 927 3422 2.
945 3365 974 3436 3,
991 3363 1019 3420 3.
1036 3363 1066 3419 4.

104 3452 134 3526 5,
151 3453 179 3511 3.
198 3453 226 3523 6,
245 3453 272 3510 1.
289 3453 318 3510 2.
335 3454 363 3511 3.
381 3452 410 3508 4.
429 3454 477 3511 10.
498 3451 545 3508 12.
571 3451 617 3510 15.
636 3449 685 3508 20.
710 3450 759 3506 24.
778 3451 828 3508 33.
847 3444 912 3508 332.
936 3449 998 3506 332.
1017 3449 1067 3504 39.
