2464 3916
166 240 199 275 ne
218 239 424 290 anoursmous
444 239 497 274 rus
514 233 738 294 unuoeeuronen
757 216 807 282 III,
829 217 859 268 10
878 211 940 283 (11).
987 211 1048 278 123

82 382 163 438 iurrcti
177 373 364 436 mitterentur¹
383 389 410 436 et
426 397 458 438 eo
474 380 555 436 modo
568 379 617 436 sibi
632 379 824 450 consulerent,
840 379 902 436 ideo
918 380 1049 452 petendae

82 465 209 522 bonorum
224 467 390 538 possessioni
406 473 511 522 certum
527 473 634 538 tempus
649 463 810 538 praefinivit.
848 461 940 519 liberis
956 465 1048 537 itaque
1061 480 1098 545 (9)

81 557 106 605 et
119 549 275 623 parentibus
292 558 345 606 tarn
361 550 528 632 naturalibus
544 567 624 624 quam
639 549 772 622 adoptivis
787 550 814 604 in
829 548 947 622 petenda
962 547 1048 604 bono·

82 651 136 688 rum
156 635 330 708 possessione
351 637 414 690 anui
435 637 567 709 spatium,
590 635 687 690 ceteris
708 642 817 690 centum
839 631 943 688 dierum
964 632 1046 690 dedit.

81 717 110 772 lit
124 720 145 774 si
159 719 229 774 iutra
245 719 297 775 boc
313 727 420 792 tempus
433 720 529 793 aliquis
551 718 685 775 bonorum
708 719 908 792 possessionem
926 733 981 773 uon
1003 735 1049 791 pe·
1067 714 1138 778 (olto
1219 729 1220 778 3

81 804 159 874 tierit,
175 803 297 859 eiusdem
312 803 413 877 gradus
426 804 551 878 personis
562 803 705 860 adcrescit:
721 803 764 860 vel
779 804 889 858 sinemo
906 817 938 856 eu
950 795 1051 873 eo²sit‚

80 887 201 960 deinceps
212 881 330 944 ceteris³
343 887 458 962 proinde
472 889 606 944 bonorum
618 889 819 962 possessionem
835 903 867 942 es
882 887 1052 942 successorio

81 971 164 1028 edicto
179 972 341 1046 pollicetur,
357 973 425 1029 acsi
440 975 477 1045 is,
495 975 540 1046 qui
557 972 750 1048 praecedebat,
767 989 800 1029 es
815 988 848 1027 eo
864 987 979 1026 numero
995 987 1051 1026 nou

79 1065 155 1112 esset.
186 1051 249 1112 set*
260 1059 283 1112 si
298 1059 359 1130 quis
379 1051 435 1114 ἰιει5
449 1057 562 1114 delatam
578 1057 628 1114 sibi
642 1057 777 1114 bonorum
786 1057 987 1131 possessionem
1009 1071 1052 1110 re·

79 1141 242 1213 pudiaverit,
269 1159 324 1198 non
341 1157 484 1216 quousque
499 1152 607 1217 tempus
633 1142 768 1198 bonorum
787 1141 953 1214 possessioni
974 1155 1051 1214 prae·

12 1231 14 1236 ’
81 1223 181 1281 linitum
209 1227 370 1298 excesserit,
402 1234 573 1301 expectatur,
604 1227 652 1283 sed
676 1229 766 1283 statim
791 1227 875 1282 ceteri
902 1242 934 1281 ex
955 1225 1050 1281 eodem
1219 1273 1220 1304 ,

12 1329 14 1378 ς
82 1309 164 1366 edicto
189 1311 376 1368 admittuntur.
426 1311 456 1368 ln
476 1312 592 1386 petenda
613 1319 702 1367 autem
723 1309 857 1366 bonorum
878 1311 1051 1383 possessione
1065 1309 1134 1374 (illl

12 1391 14 1440 ὲ
82 1393 135 1450 dies
150 1395 231 1450 utiles
247 1395 347 1470 singuli
370 1395 585 1452 considerantur.
621 1395 673 1451 Sed
694 1395 763 1451 bene
784 1396 933 1451 anteriores
952 1393 1136 1468 princi-(tili
1219 1447 1220 1468 ἶ

13 1517 14 1520 ,
80 1495 125 1551 pes
140 1489 167 1536 et
183 1480 247 1536 hnic
261 1496 356 1535 causae
370 1480 563 1554 providerunt,
590 1497 624 1536 ue
640 1482 700 1554 quis
716 1497 766 1553 pro
781 1478 899 1554 petendo
915 1477 1050 1534 bonorum
1219 1475 1220 1506 r

12 1569 13 1572 ’
79 1557 286 1636 possessioues⁶
301 1573 392 1636 curet,
409 1564 472 1636 sed,
489 1581 661 1638 quocumque
676 1564 757 1620 ruodo
773 1565 795 1618 si
811 1563 977 1618 admittentis
993 1577 1050 1618 eam

12 1703 13 1728 Ξ
80 1648 220 1720 indicium,
236 1651 305 1704 intra
321 1658 422 1706 statuta
437 1658 526 1704 tamen
542 1658 677 1723 tempora,
695 1648 861 1720 ostenderit,
878 1648 988 1722 plenum
1004 1647 1050 1702 ba·
1100 1659 1108 1679 ‘

12 1735 13 1798 ζ
80 1731 138 1790 beat
153 1751 246 1790 earum
261 1731 431 1790 beneficium.
817 1743 819 1746 '

475 1883 534 1924 u1u.
546 1883 569 1922 X
588 1884 647 1932 (XI).

188 1969 237 2020 DE
256 1968 523 2034 ADQUISITIONn
541 1970 614 2018 PER
632 1968 936 2020 ADROGATIONEM.

12 2099 14 2102 ·
76 2136 78 2140 ,
142 2068 209 2130 ⁷Esi
228 2083 255 2132 ct
270 2075 381 2132 alterius
397 2077 505 2150 generis
520 2091 570 2148 per
584 2075 785 2130 universitatem
805 2075 958 2146 successio,
981 2090 1049 2146 quae
1066 2085 1101 2125 Pr.

12 2213 14 2240 ÷
80 2177 168 2234 neque
182 2160 244 2234 lege
266 2159 408 2216 duodecim
430 2159 578 2215 tabularum
601 2159 843 2231 nequepraetoris
871 2157 975 2229 edicto,
1002 2155 1050 2212 sed

81 2261 111 2300 eo
134 2247 208 2316 iure,
231 2244 304 2317 quod
325 2261 462 2300 consensu
483 2250 623 2317 receptum
642 2250 699 2313 est,
720 2240 875 2296 introducta
894 2248 945 2296 est.
982 2239 1050 2296 Eece
1069 2253 1082 2300 1

13 2365 14 2374 a
82 2331 226 2386 enimcum
248 2329 437 2402 paterfamilias
459 2345 520 2384 sese
540 2329 569 2383 in
589 2327 794 2401 adrogationes]
816 2325 875 2398 dat,
897 2341 991 2382 omnes
1006 2341 1050 2380 res

81 2415 139 2469 eius
155 2413 310 2488 corporales
326 2422 354 2468 et
368 2413 554 2487 incorporales
571 2428 695 2486 quaeque
710 2412 735 2468 ei
751 2409 856 2466 debitae
872 2418 952 2482 sunt,
973 2410 1051 2467 adro·

82 2499 170 2570 gatori
184 2505 246 2554 ante
262 2497 370 2570 quidem
382 2498 464 2572 pleuo
480 2499 538 2554 iure
550 2495 771 2571 adquirebantur,
787 2497 906 2570 exceptis
918 2496 971 2568 his,
982 2511 1051 2569 quae

80 2599 130 2654 per
144 2585 236 2656 capitis
250 2581 464 2657 ⁸deminutionem
479 2591 610 2656 pereunt,
632 2581 724 2655 quales
745 2587 810 2636 sunt
826 2597 967 2653 operarum
984 2579 1051 2636 obli·

83 2667 204 2739 gationes
225 2675 254 2722 et
272 2668 314 2722 ius
336 2667 516 2740 adgnationis.
549 2683 614 2722 usus
636 2666 735 2721 etenim
757 2673 785 2720 et
800 2663 972 2720 ususfructus
988 2663 1051 2719 licet

82 2751 123 2805 bis
139 2758 214 2806 antea
224 2751 497 2823 connumerabautur,
513 2758 630 2806 attamen
642 2751 736 2824 capitis
748 2749 933 2804 deminutione
944 2748 1051 2803 minima

83 2850 130 2890 eos
144 2835 213 2908 tolli,
228 2843 322 2892 nostra
337 2835 475 2910 prohibuit
491 2827 681 2892 constitutio.⁸
711 2834 788 2889 Nunc
807 2840 896 2888 autem
917 2849 967 2888 nos
990 2847 1052 2887 ean·
1069 2839 1084 2886 2

151 2982 169 3046 ¹)
187 2985 334 3034 mittentur
351 2985 391 3034 ecl.
410 2984 462 3033 Kr.
521 2982 541 3046 ²)
558 2985 661 3047 scripsi.
681 2997 761 3032 nemo
779 2983 855 3034 codd.
874 2983 934 3031 edd.
952 2983 1001 3032 sed
1018 2995 1052 3031 ex

86 3065 117 3100 eo
134 3051 164 3102 ob
180 3053 366 3102 similitudinem
384 3053 520 3109 excidisse,
540 3058 651 3115 apparet
664 3065 700 3100 en
715 3049 843 3113 Tbeoplts
863 3044 891 3101 εἰ
903 3042 937 3100 d'a
948 3044 1053 3114 μηδεὶς

86 3108 116 3166 ἐκ
128 3117 177 3171 τοῦ
191 3111 281 3170 αὐτοῦ
303 3109 426 3186 ὁρμᾶται
448 3117 575 3184 βαθμοῦ.
662 3117 682 3181 ³)
702 3117 833 3182 deinceps
852 3118 955 3168 ceteris
972 3137 1006 3158 =
1024 3109 1055 3165 oi

86 3175 116 3234 e'u
128 3185 176 3238 τοῦ
189 3179 255 3254 ἑξῆς
269 3184 387 3253 βαθμοῦ
410 3187 529 3250 ΤΙιεορή.,
550 3203 599 3236 non
617 3201 657 3244 ea,
671 3201 736 3251 qaae
747 3187 878 3248 superiori
889 3193 950 3236 nota
968 3185 1051 3241 retuli,

85 3260 113 3300 ιιι
127 3253 287 3306 Schraderue
296 3257 409 3320 putavit,
428 3257 471 3320 qai
482 3255 553 3314 ideo,
573 3255 745 3318 adstipulante
757 3253 822 3314 Kr.‚
843 3260 906 3316 post
924 3251 1052 3314 deinceps

86 3325 145 3372 neate
163 3325 332 3388 interpunxit.
385 3321 406 3385 ⁴)
424 3324 547 3388 pertinaci
563 3338 640 3372 senen
658 3324 786 3386 occinente.
806 3324 880 3370 esset
897 3320 973 3369 codd.
991 3319 1050 3370 edd.

86 3383 106 3448 5)
121 3391 158 3440 aio
175 3394 278 3458 quidam
295 3392 370 3444 codd.
397 3391 491 3455 itaque
516 3393 634 3456 plerique
653 3397 677 3440 et
696 3391 754 3441 edd.
774 3387 848 3440 Sebr.
867 3395 894 3436 et
910 3386 961 3438 Kr.
1032 3384 1052 3447 6)

86 3459 183 3576 mil
199 3451 1051 3588 pitildiab‘pl'fflffliille⁶lid'idlffafiiiita')iiiii·

88 3541 416 3586 ξιιι.,.ιιιιι.
914 3555 1052 3577 .,.
