<?xml version="1.0" encoding="UTF-8"?>
<!DOCTYPE html PUBLIC "-//W3C//DTD XHTML 1.0 Transitional//EN"
    "http://www.w3.org/TR/xhtml1/DTD/xhtml1-transitional.dtd">
<html xmlns="http://www.w3.org/1999/xhtml" xml:lang="en" lang="en">
 <head>
  <title>
</title>
<meta http-equiv="Content-Type" content="text/html;charset=utf-8" />
  <meta name='ocr-system' content='tesseract 3.04.00' />
  <meta name='ocr-capabilities' content='ocr_page ocr_carea ocr_par ocr_line ocrx_word'/>
</head>
<body>
  <div class='ocr_page' id='page_1' title='image "./impivstinianiin00huscgoog_0288.png"; bbox 0 0 2464 3916; ppageno 0'>
   <div class='ocr_carea' id='block_1_1' title="bbox 241 228 1031 292">
    <p class='ocr_par' dir='ltr' id='par_1_1' title="bbox 241 228 1031 292">
     <span class='ocr_line' id='line_1_1' title="bbox 241 228 1031 292; baseline 0.015 -18"><span class='ocrx_word' id='word_1_1' title='bbox 241 259 247 274; x_wconf 81' lang='lat'><strong>.</strong></span> <span class='ocrx_word' id='word_1_2' title='bbox 354 243 390 276; x_wconf 80' lang='lat' dir='ltr'><strong>nn</strong></span> <span class='ocrx_word' id='word_1_3' title='bbox 409 243 482 277; x_wconf 77' lang='lat' dir='ltr'><strong>uuo</strong></span> <span class='ocrx_word' id='word_1_4' title='bbox 500 242 623 284; x_wconf 68' lang='lat' dir='ltr'><strong>anurnio</strong></span> <span class='ocrx_word' id='word_1_5' title='bbox 641 229 690 292; x_wconf 83' lang='lat' dir='ltr'><strong>lv,</strong></span> <span class='ocrx_word' id='word_1_6' title='bbox 707 232 733 279; x_wconf 83' lang='lat'><strong>3.</strong></span> <span class='ocrx_word' id='word_1_7' title='bbox 970 228 1031 292; x_wconf 81' lang='lat'><strong>161</strong></span> 
     </span>
    </p>
   </div>
   <div class='ocr_carea' id='block_1_2' title="bbox 61 379 1066 878">
    <p class='ocr_par' dir='ltr' id='par_1_2' title="bbox 61 379 1066 878">
     <span class='ocr_line' id='line_1_2' title="bbox 62 379 1032 457; baseline 0.002 -17"><span class='ocrx_word' id='word_1_8' title='bbox 62 385 180 440; x_wconf 90' lang='lat' dir='ltr'><strong>dominio</strong></span> <span class='ocrx_word' id='word_1_9' title='bbox 200 383 313 453; x_wconf 85' lang='lat' dir='ltr'><strong>cadere,</strong></span> <span class='ocrx_word' id='word_1_10' title='bbox 333 384 377 438; x_wconf 80' lang='lat' dir='ltr'><strong>sin</strong></span> <span class='ocrx_word' id='word_1_11' title='bbox 397 391 488 438; x_wconf 84' lang='lat' dir='ltr'><strong>autem</strong></span> <span class='ocrx_word' id='word_1_12' title='bbox 502 383 589 438; x_wconf 84' lang='lat' dir='ltr'><strong>aliena</strong></span> <span class='ocrx_word' id='word_1_13' title='bbox 601 385 655 454; x_wconf 82' lang='lat' dir='ltr'><strong>sit,</strong></span> <span class='ocrx_word' id='word_1_14' title='bbox 676 393 742 457; x_wconf 86' lang='lat' dir='ltr'><strong>post</strong></span> <span class='ocrx_word' id='word_1_15' title='bbox 755 387 796 441; x_wconf 89' lang='lat' dir='ltr'><strong>rei</strong></span> <span class='ocrx_word' id='word_1_16' title='bbox 809 379 1032 442; x_wconf 68' lang='lat' dir='ltr'><strong>reatituuonem¹</strong></span> 
     </span>
     <span class='ocr_line' id='line_1_3' title="bbox 62 467 1033 542; baseline 0.003 -18"><span class='ocrx_word' id='word_1_17' title='bbox 62 470 141 525; x_wconf 86' lang='lat' dir='ltr'><strong>etiam</strong></span> <span class='ocrx_word' id='word_1_18' title='bbox 155 468 367 524; x_wconf 68' lang='lat' dir='ltr'><strong>omtimationem</strong></span> <span class='ocrx_word' id='word_1_19' title='bbox 381 467 502 522; x_wconf 85' lang='lat' dir='ltr'><strong>eiusdem</strong></span> <span class='ocrx_word' id='word_1_20' title='bbox 516 469 557 522; x_wconf 87' lang='lat' dir='ltr'><strong>rei</strong></span> <span class='ocrx_word' id='word_1_21' title='bbox 567 476 712 541; x_wconf 74' lang='lat' dir='ltr'><strong>praestare.</strong></span> <span class='ocrx_word' id='word_1_22' title='bbox 742 469 816 542; x_wconf 83' lang='lat' dir='ltr'><strong>quod</strong></span> <span class='ocrx_word' id='word_1_23' title='bbox 832 488 888 526; x_wconf 93' lang='lat' dir='ltr'><strong>nou</strong></span> <span class='ocrx_word' id='word_1_24' title='bbox 900 470 989 526; x_wconf 85' lang='lat' dir='ltr'><strong>solum</strong></span> <span class='ocrx_word' id='word_1_25' title='bbox 1003 473 1033 526; x_wconf 92' lang='lat' dir='ltr'><strong>iu</strong></span> 
     </span>
     <span class='ocr_line' id='line_1_4' title="bbox 64 551 1032 628; baseline 0.005 -21"><span class='ocrx_word' id='word_1_26' title='bbox 64 551 205 608; x_wconf 78' lang='lat' dir='ltr'>mobilibus</span> <span class='ocrx_word' id='word_1_27' title='bbox 225 551 323 622; x_wconf 87' lang='lat' dir='ltr'><strong>rebus,</strong></span> <span class='ocrx_word' id='word_1_28' title='bbox 349 568 419 624; x_wconf 84' lang='lat' dir='ltr'><strong>quae</strong></span> <span class='ocrx_word' id='word_1_29' title='bbox 438 553 497 626; x_wconf 81' lang='lat' dir='ltr'><strong>rapi</strong></span> <span class='ocrx_word' id='word_1_30' title='bbox 515 561 648 626; x_wconf 85' lang='lat' dir='ltr'><strong>possunt,</strong></span> <span class='ocrx_word' id='word_1_31' title='bbox 676 555 887 610; x_wconf 71' lang='lat' dir='ltr'><strong>constitutiones</strong></span> <span class='ocrx_word' id='word_1_32' title='bbox 907 557 1032 628; x_wconf 87' lang='lat' dir='ltr'><strong>optinere</strong></span> 
     </span>
     <span class='ocr_line' id='line_1_5' title="bbox 61 635 1032 710; baseline 0.004 -18"><span class='ocrx_word' id='word_1_33' title='bbox 61 645 236 707; x_wconf 90' lang='lat' dir='ltr'><strong>censuerunt,</strong></span> <span class='ocrx_word' id='word_1_34' title='bbox 252 635 300 690; x_wconf 89' lang='lat' dir='ltr'><strong>sed</strong></span> <span class='ocrx_word' id='word_1_35' title='bbox 314 637 395 691; x_wconf 88' lang='lat' dir='ltr'><strong>etiam</strong></span> <span class='ocrx_word' id='word_1_36' title='bbox 409 637 437 691; x_wconf 91' lang='lat' dir='ltr'><strong>in</strong></span> <span class='ocrx_word' id='word_1_37' title='bbox 449 636 644 708; x_wconf 76' lang='lat' dir='ltr'><strong>invasionibus,</strong></span> <span class='ocrx_word' id='word_1_38' title='bbox 659 654 728 710; x_wconf 83' lang='lat' dir='ltr'><strong>quae</strong></span> <span class='ocrx_word' id='word_1_39' title='bbox 740 639 810 692; x_wconf 87' lang='lat' dir='ltr'><strong>eirca</strong></span> <span class='ocrx_word' id='word_1_40' title='bbox 824 655 870 694; x_wconf 79' lang='lat' dir='ltr'><strong>res</strong></span> <span class='ocrx_word' id='word_1_41' title='bbox 884 640 937 694; x_wconf 80' lang='lat' dir='ltr'><strong>soli</strong></span> <span class='ocrx_word' id='word_1_42' title='bbox 953 637 1032 710; x_wconf 80' lang='lat' dir='ltr'><strong>fiunt,</strong></span> 
     </span>
     <span class='ocr_line' id='line_1_6' title="bbox 64 717 1066 794; baseline 0.009 -19"><span class='ocrx_word' id='word_1_43' title='bbox 64 729 94 776; x_wconf 87' lang='lat' dir='ltr'><strong>ut</strong></span> <span class='ocrx_word' id='word_1_44' title='bbox 112 737 143 776; x_wconf 82' lang='lat' dir='ltr'><strong>er</strong></span> <span class='ocrx_word' id='word_1_45' title='bbox 164 721 214 776; x_wconf 90' lang='lat' dir='ltr'><strong>hac</strong></span> <span class='ocrx_word' id='word_1_46' title='bbox 233 737 313 776; x_wconf 83' lang='lat' dir='ltr'><strong>causa</strong></span> <span class='ocrx_word' id='word_1_47' title='bbox 332 721 406 776; x_wconf 91' lang='lat' dir='ltr'><strong>omni</strong></span> <span class='ocrx_word' id='word_1_48' title='bbox 426 721 519 794; x_wconf 91' lang='lat' dir='ltr'><strong>rapina</strong></span> <span class='ocrx_word' id='word_1_49' title='bbox 545 722 669 778; x_wconf 84' lang='lat' dir='ltr'><strong>homiues</strong></span> <span class='ocrx_word' id='word_1_50' title='bbox 695 720 856 778; x_wconf 69' lang='lat' dir='ltr'><strong>abstineam</strong></span> <span class='ocrx_word' id='word_1_51' title='bbox 893 717 942 778; x_wconf 81' lang='lat' dir='ltr'><strong>²ln</strong></span> <span class='ocrx_word' id='word_1_52' title='bbox 963 719 1066 784; x_wconf 76' lang='lat' dir='ltr'><strong>loac³2</strong></span> 
     </span>
     <span class='ocr_line' id='line_1_7' title="bbox 63 799 1030 878; baseline 0.004 -18"><span class='ocrx_word' id='word_1_53' title='bbox 63 807 166 862; x_wconf 89' lang='lat' dir='ltr'><strong>actione</strong></span> <span class='ocrx_word' id='word_1_54' title='bbox 182 822 237 863; x_wconf 91' lang='lat' dir='ltr'><strong>uon</strong></span> <span class='ocrx_word' id='word_1_55' title='bbox 252 806 347 878; x_wconf 88' lang='lat' dir='ltr'><strong>utique</strong></span> <span class='ocrx_word' id='word_1_56' title='bbox 360 799 527 878; x_wconf 83' lang='lat' dir='ltr'><strong>spectatur,¹</strong></span> <span class='ocrx_word' id='word_1_57' title='bbox 548 823 606 860; x_wconf 87' lang='lat' dir='ltr'><strong>rem</strong></span> <span class='ocrx_word' id='word_1_58' title='bbox 620 807 649 861; x_wconf 92' lang='lat' dir='ltr'><strong>in</strong></span> <span class='ocrx_word' id='word_1_59' title='bbox 663 805 743 862; x_wconf 88' lang='lat' dir='ltr'><strong>bonis</strong></span> <span class='ocrx_word' id='word_1_60' title='bbox 756 808 857 862; x_wconf 81' lang='lat' dir='ltr'><strong>actoris</strong></span> <span class='ocrx_word' id='word_1_61' title='bbox 872 823 948 863; x_wconf 77' lang='lat' dir='ltr'><strong>ense:</strong></span> <span class='ocrx_word' id='word_1_62' title='bbox 970 827 1030 864; x_wconf 89' lang='lat' dir='ltr'><strong>nam</strong></span> 
     </span>
    </p>
   </div>
   <div class='ocr_carea' id='block_1_3' title="bbox 4 973 1033 1806">
    <p class='ocr_par' dir='ltr' id='par_1_3' title="bbox 61 973 1032 1303">
     <span class='ocr_line' id='line_1_8' title="bbox 61 973 1031 1046; baseline 0.004 -18"><span class='ocrx_word' id='word_1_63' title='bbox 61 975 129 1030; x_wconf 86' lang='lat' dir='ltr'><strong>actio</strong></span> <span class='ocrx_word' id='word_1_64' title='bbox 150 973 267 1030; x_wconf 86' lang='lat' dir='ltr'><strong>habebit.</strong></span> <span class='ocrx_word' id='word_1_65' title='bbox 306 990 389 1046; x_wconf 85' lang='lat' dir='ltr'><strong>quare</strong></span> <span class='ocrx_word' id='word_1_66' title='bbox 409 975 467 1030; x_wconf 82' lang='lat' dir='ltr'><strong>sive</strong></span> <span class='ocrx_word' id='word_1_67' title='bbox 486 974 655 1030; x_wconf 87' lang='lat' dir='ltr'><strong>commodata</strong></span> <span class='ocrx_word' id='word_1_68' title='bbox 681 977 738 1030; x_wconf 85' lang='lat' dir='ltr'><strong>sire</strong></span> <span class='ocrx_word' id='word_1_69' title='bbox 762 976 851 1032; x_wconf 84' lang='lat' dir='ltr'><strong>locata</strong></span> <span class='ocrx_word' id='word_1_70' title='bbox 874 977 932 1032; x_wconf 86' lang='lat' dir='ltr'><strong>sive</strong></span> <span class='ocrx_word' id='word_1_71' title='bbox 951 977 1031 1032; x_wconf 87' lang='lat' dir='ltr'><strong>etiam</strong></span> 
     </span>
     <span class='ocr_line' id='line_1_9' title="bbox 63 1058 1031 1132; baseline 0.005 -20"><span class='ocrx_word' id='word_1_72' title='bbox 63 1059 202 1132; x_wconf 77' lang='lat' dir='ltr'><strong>pignerata</strong></span> <span class='ocrx_word' id='word_1_73' title='bbox 222 1059 278 1113; x_wconf 86' lang='lat' dir='ltr'><strong>sive</strong></span> <span class='ocrx_word' id='word_1_74' title='bbox 298 1058 420 1131; x_wconf 86' lang='lat' dir='ltr'><strong>deposita</strong></span> <span class='ocrx_word' id='word_1_75' title='bbox 440 1061 478 1114; x_wconf 89' lang='lat' dir='ltr'><strong>sit</strong></span> <span class='ocrx_word' id='word_1_76' title='bbox 496 1059 568 1132; x_wconf 88' lang='lat' dir='ltr'><strong>apud</strong></span> <span class='ocrx_word' id='word_1_77' title='bbox 590 1059 691 1116; x_wconf 85' lang='lat' dir='ltr'><strong>&#39;litium</strong></span> <span class='ocrx_word' id='word_1_78' title='bbox 711 1061 767 1130; x_wconf 87' lang='lat' dir='ltr'><strong>sic,</strong></span> <span class='ocrx_word' id='word_1_79' title='bbox 788 1069 819 1114; x_wconf 93' lang='lat' dir='ltr'><strong>ut</strong></span> <span class='ocrx_word' id='word_1_80' title='bbox 838 1063 948 1116; x_wconf 85' lang='lat' dir='ltr'><strong>intersit</strong></span> <span class='ocrx_word' id='word_1_81' title='bbox 962 1061 1031 1132; x_wconf 82' lang='lat' dir='ltr'><strong>eius,</strong></span> 
     </span>
     <span class='ocr_line' id='line_1_10' title="bbox 61 1143 1032 1219; baseline 0.006 -23"><span class='ocrx_word' id='word_1_82' title='bbox 61 1159 119 1198; x_wconf 88' lang='lat' dir='ltr'><strong>eam</strong></span> <span class='ocrx_word' id='word_1_83' title='bbox 133 1160 189 1198; x_wconf 92' lang='lat' dir='ltr'><strong>non</strong></span> <span class='ocrx_word' id='word_1_84' title='bbox 204 1143 319 1214; x_wconf 90' lang='lat' dir='ltr'><strong>aulerri,</strong></span> <span class='ocrx_word' id='word_1_85' title='bbox 340 1143 425 1198; x_wconf 86' lang='lat' dir='ltr'><strong>veluti</strong></span> <span class='ocrx_word' id='word_1_86' title='bbox 445 1145 468 1198; x_wconf 86' lang='lat' dir='ltr'><strong>si</strong></span> <span class='ocrx_word' id='word_1_87' title='bbox 482 1145 511 1200; x_wconf 94' lang='lat' dir='ltr'><strong>in</strong></span> <span class='ocrx_word' id='word_1_88' title='bbox 525 1161 556 1199; x_wconf 88' lang='lat' dir='ltr'><strong>re</strong></span> <span class='ocrx_word' id='word_1_89' title='bbox 570 1143 695 1217; x_wconf 87' lang='lat' dir='ltr'><strong>deposita</strong></span> <span class='ocrx_word' id='word_1_90' title='bbox 715 1144 821 1218; x_wconf 84' lang='lat' dir='ltr'><strong>culpam</strong></span> <span class='ocrx_word' id='word_1_91' title='bbox 842 1162 953 1219; x_wconf 87' lang='lat' dir='ltr'><strong>quoque</strong></span> <span class='ocrx_word' id='word_1_92' title='bbox 968 1161 1032 1219; x_wconf 91' lang='lat' dir='ltr'><strong>pro·</strong></span> 
     </span>
     <span class='ocr_line' id='line_1_11' title="bbox 62 1225 1032 1303; baseline 0.006 -23"><span class='ocrx_word' id='word_1_93' title='bbox 62 1228 149 1298; x_wconf 84' lang='lat' dir='ltr'><strong>misit,</strong></span> <span class='ocrx_word' id='word_1_94' title='bbox 171 1229 227 1283; x_wconf 88' lang='lat' dir='ltr'><strong>sire</strong></span> <span class='ocrx_word' id='word_1_95' title='bbox 248 1227 320 1282; x_wconf 89' lang='lat' dir='ltr'><strong>hona</strong></span> <span class='ocrx_word' id='word_1_96' title='bbox 340 1225 393 1282; x_wconf 86' lang='lat' dir='ltr'><strong>lide</strong></span> <span class='ocrx_word' id='word_1_97' title='bbox 414 1227 569 1300; x_wconf 79' lang='lat' dir='ltr'><strong>possideat,</strong></span> <span class='ocrx_word' id='word_1_98' title='bbox 590 1230 647 1284; x_wconf 89' lang='lat' dir='ltr'><strong>sire</strong></span> <span class='ocrx_word' id='word_1_99' title='bbox 662 1229 861 1284; x_wconf 76' lang='lat' dir='ltr'>usumfructum</span> <span class='ocrx_word' id='word_1_100' title='bbox 880 1230 909 1284; x_wconf 95' lang='lat' dir='ltr'><strong>in</strong></span> <span class='ocrx_word' id='word_1_101' title='bbox 924 1247 956 1286; x_wconf 87' lang='lat' dir='ltr'><strong>ea</strong></span> <span class='ocrx_word' id='word_1_102' title='bbox 971 1231 1032 1303; x_wconf 88' lang='lat' dir='ltr'><strong>quis</strong></span> 
     </span>
    </p>

    <p class='ocr_par' dir='ltr' id='par_1_4' title="bbox 4 1309 1031 1387">
     <span class='ocr_line' id='line_1_12' title="bbox 4 1309 1031 1387; baseline 0.006 -23"><span class='ocrx_word' id='word_1_103' title='bbox 4 1341 5 1346; x_wconf 22' lang='grc' dir='ltr'><strong><em>κ</em></strong></span> <span class='ocrx_word' id='word_1_104' title='bbox 64 1309 158 1366; x_wconf 86' lang='lat' dir='ltr'><strong>habeat</strong></span> <span class='ocrx_word' id='word_1_105' title='bbox 172 1312 213 1368; x_wconf 88' lang='lat' dir='ltr'><strong>rel</strong></span> <span class='ocrx_word' id='word_1_106' title='bbox 228 1311 302 1385; x_wconf 90' lang='lat' dir='ltr'><strong>quod</strong></span> <span class='ocrx_word' id='word_1_107' title='bbox 316 1311 388 1366; x_wconf 89' lang='lat' dir='ltr'><strong>aliud</strong></span> <span class='ocrx_word' id='word_1_108' title='bbox 404 1313 457 1383; x_wconf 91' lang='lat' dir='ltr'><strong>ius,</strong></span> <span class='ocrx_word' id='word_1_109' title='bbox 472 1321 503 1368; x_wconf 92' lang='lat' dir='ltr'><strong>ut</strong></span> <span class='ocrx_word' id='word_1_110' title='bbox 516 1314 625 1368; x_wconf 86' lang='lat' dir='ltr'><strong>intersit</strong></span> <span class='ocrx_word' id='word_1_111' title='bbox 640 1314 709 1383; x_wconf 83' lang='lat' dir='ltr'><strong>eius,</strong></span> <span class='ocrx_word' id='word_1_112' title='bbox 724 1330 781 1368; x_wconf 93' lang='lat' dir='ltr'><strong>non</strong></span> <span class='ocrx_word' id='word_1_113' title='bbox 796 1315 867 1387; x_wconf 90' lang='lat' dir='ltr'><strong>rapi:</strong></span> <span class='ocrx_word' id='word_1_114' title='bbox 887 1314 1031 1370; x_wconf 93' lang='lat' dir='ltr'><strong>dicendum</strong></span> 
     </span>
    </p>

    <p class='ocr_par' dir='ltr' id='par_1_5' title="bbox 4 1396 1033 1806">
     <span class='ocr_line' id='line_1_13' title="bbox 4 1396 1031 1471; baseline 0.006 -23"><span class='ocrx_word' id='word_1_115' title='bbox 4 1425 6 1448; x_wconf 51' lang='lat' dir='ltr'><strong>i</strong></span> <span class='ocrx_word' id='word_1_116' title='bbox 64 1403 115 1466; x_wconf 88' lang='lat' dir='ltr'><strong>est,</strong></span> <span class='ocrx_word' id='word_1_117' title='bbox 130 1405 282 1470; x_wconf 88' lang='lat' dir='ltr'><strong>competere</strong></span> <span class='ocrx_word' id='word_1_118' title='bbox 296 1397 322 1452; x_wconf 90' lang='lat' dir='ltr'><strong>ei</strong></span> <span class='ocrx_word' id='word_1_119' title='bbox 338 1396 406 1452; x_wconf 87' lang='lat' dir='ltr'><strong>haue</strong></span> <span class='ocrx_word' id='word_1_120' title='bbox 415 1399 559 1468; x_wconf 79' lang='lat' dir='ltr'><strong>actionem,</strong></span> <span class='ocrx_word' id='word_1_121' title='bbox 577 1405 607 1451; x_wconf 94' lang='lat' dir='ltr'><strong>ut</strong></span> <span class='ocrx_word' id='word_1_122' title='bbox 621 1413 677 1452; x_wconf 91' lang='lat' dir='ltr'><strong>uon</strong></span> <span class='ocrx_word' id='word_1_123' title='bbox 689 1397 838 1452; x_wconf 88' lang='lat' dir='ltr'><strong>dominium</strong></span> <span class='ocrx_word' id='word_1_124' title='bbox 849 1399 972 1471; x_wconf 75' lang='lat' dir='ltr'><strong>amipiat,</strong></span> <span class='ocrx_word' id='word_1_125' title='bbox 984 1398 1031 1454; x_wconf 85' lang='lat' dir='ltr'><strong>sed</strong></span> 
     </span>
     <span class='ocr_line' id='line_1_14' title="bbox 61 1479 1033 1555; baseline 0.006 -22"><span class='ocrx_word' id='word_1_126' title='bbox 61 1479 127 1534; x_wconf 92' lang='lat' dir='ltr'><strong>illud</strong></span> <span class='ocrx_word' id='word_1_127' title='bbox 142 1481 241 1551; x_wconf 88' lang='lat' dir='ltr'><strong>solum,</strong></span> <span class='ocrx_word' id='word_1_128' title='bbox 258 1479 331 1553; x_wconf 89' lang='lat' dir='ltr'><strong>quod</strong></span> <span class='ocrx_word' id='word_1_129' title='bbox 346 1498 380 1536; x_wconf 78' lang='lat' dir='ltr'><strong>ea</strong></span> <span class='ocrx_word' id='word_1_130' title='bbox 394 1480 472 1536; x_wconf 83' lang='lat' dir='ltr'><strong>bonis</strong></span> <span class='ocrx_word' id='word_1_131' title='bbox 488 1482 557 1552; x_wconf 89' lang='lat' dir='ltr'><strong>eius,</strong></span> <span class='ocrx_word' id='word_1_132' title='bbox 573 1483 620 1554; x_wconf 91' lang='lat' dir='ltr'><strong>qui</strong></span> <span class='ocrx_word' id='word_1_133' title='bbox 635 1483 753 1554; x_wconf 78' lang='lat' dir='ltr'><strong>rapinam</strong></span> <span class='ocrx_word' id='word_1_134' title='bbox 768 1499 864 1555; x_wconf 84' lang='lat' dir='ltr'><strong>passus</strong></span> <span class='ocrx_word' id='word_1_135' title='bbox 880 1490 933 1554; x_wconf 84' lang='lat' dir='ltr'><strong>est,</strong></span> <span class='ocrx_word' id='word_1_136' title='bbox 948 1483 975 1538; x_wconf 90' lang='lat' dir='ltr'><strong>id</strong></span> <span class='ocrx_word' id='word_1_137' title='bbox 990 1491 1033 1539; x_wconf 86' lang='lat' dir='ltr'><strong>est</strong></span> 
     </span>
     <span class='ocr_line' id='line_1_15' title="bbox 61 1563 1033 1640; baseline 0.003 -21"><span class='ocrx_word' id='word_1_138' title='bbox 61 1563 133 1636; x_wconf 85' lang='lat' dir='ltr'><strong>quod</strong></span> <span class='ocrx_word' id='word_1_139' title='bbox 155 1581 187 1620; x_wconf 78' lang='lat' dir='ltr'><strong>eu</strong></span> <span class='ocrx_word' id='word_1_140' title='bbox 207 1564 358 1620; x_wconf 84' lang='lat' dir='ltr'><strong>substantia</strong></span> <span class='ocrx_word' id='word_1_141' title='bbox 378 1567 436 1620; x_wconf 87' lang='lat' dir='ltr'><strong>eius</strong></span> <span class='ocrx_word' id='word_1_142' title='bbox 451 1565 569 1622; x_wconf 90' lang='lat' dir='ltr'><strong>ablatum</strong></span> <span class='ocrx_word' id='word_1_143' title='bbox 591 1582 652 1620; x_wconf 88' lang='lat' dir='ltr'><strong>esse</strong></span> <span class='ocrx_word' id='word_1_144' title='bbox 667 1574 846 1639; x_wconf 79' lang='lat' dir='ltr'><strong>proponatur.</strong></span> <span class='ocrx_word' id='word_1_145' title='bbox 877 1576 905 1622; x_wconf 89' lang='lat' dir='ltr'><strong>et</strong></span> <span class='ocrx_word' id='word_1_146' title='bbox 919 1583 1033 1640; x_wconf 84' lang='lat' dir='ltr'><strong>genera·</strong></span> 
     </span>
     <span class='ocr_line' id='line_1_16' title="bbox 60 1648 1032 1725; baseline 0.005 -22"><span class='ocrx_word' id='word_1_147' title='bbox 60 1648 121 1704; x_wconf 87' lang='lat' dir='ltr'><strong>liter</strong></span> <span class='ocrx_word' id='word_1_148' title='bbox 136 1649 278 1706; x_wconf 90' lang='lat' dir='ltr'><strong>dicendum</strong></span> <span class='ocrx_word' id='word_1_149' title='bbox 294 1658 351 1720; x_wconf 89' lang='lat' dir='ltr'><strong>est,</strong></span> <span class='ocrx_word' id='word_1_150' title='bbox 373 1666 406 1704; x_wconf 81' lang='lat' dir='ltr'><strong>ex</strong></span> <span class='ocrx_word' id='word_1_151' title='bbox 420 1649 519 1723; x_wconf 87' lang='lat' dir='ltr'><strong>quibus</strong></span> <span class='ocrx_word' id='word_1_152' title='bbox 539 1651 627 1706; x_wconf 77' lang='lat' dir='ltr'><strong>caruis</strong></span> <span class='ocrx_word' id='word_1_153' title='bbox 642 1649 710 1704; x_wconf 88' lang='lat' dir='ltr'><strong>lurti</strong></span> <span class='ocrx_word' id='word_1_154' title='bbox 728 1652 798 1706; x_wconf 86' lang='lat' dir='ltr'><strong>actio</strong></span> <span class='ocrx_word' id='word_1_155' title='bbox 813 1653 987 1725; x_wconf 88' lang='lat' dir='ltr'><strong>competitio</strong></span> <span class='ocrx_word' id='word_1_156' title='bbox 1002 1668 1032 1707; x_wconf 91' lang='lat' dir='ltr'><strong>re</strong></span> 
     </span>
     <span class='ocr_line' id='line_1_17' title="bbox 59 1733 945 1806; baseline 0.005 -18"><span class='ocrx_word' id='word_1_157' title='bbox 59 1734 125 1790; x_wconf 90' lang='lat' dir='ltr'><strong>clam</strong></span> <span class='ocrx_word' id='word_1_158' title='bbox 141 1733 222 1806; x_wconf 86' lang='lat' dir='ltr'><strong>iacta,</strong></span> <span class='ocrx_word' id='word_1_159' title='bbox 238 1751 271 1789; x_wconf 83' lang='lat' dir='ltr'><strong>ex</strong></span> <span class='ocrx_word' id='word_1_160' title='bbox 283 1734 378 1790; x_wconf 84' lang='lat' dir='ltr'><strong>iisdem</strong></span> <span class='ocrx_word' id='word_1_161' title='bbox 392 1735 480 1790; x_wconf 86' lang='lat' dir='ltr'><strong>causis</strong></span> <span class='ocrx_word' id='word_1_162' title='bbox 495 1751 590 1790; x_wconf 88' lang='lat' dir='ltr'><strong>omnes</strong></span> <span class='ocrx_word' id='word_1_163' title='bbox 605 1733 705 1790; x_wconf 88' lang='lat' dir='ltr'><strong>habere</strong></span> <span class='ocrx_word' id='word_1_164' title='bbox 719 1736 788 1791; x_wconf 91' lang='lat' dir='ltr'><strong>hanc</strong></span> <span class='ocrx_word' id='word_1_165' title='bbox 802 1736 945 1792; x_wconf 74' lang='lat' dir='ltr'><strong>actionem.</strong></span> 
     </span>
    </p>
   </div>
   <div class='ocr_carea' id='block_1_4' title="bbox 371 1931 722 2096">
    <p class='ocr_par' dir='ltr' id='par_1_6' title="bbox 371 1931 722 2096">
     <span class='ocr_line' id='line_1_18' title="bbox 486 1931 601 1972; baseline 0.017 -2"><span class='ocrx_word' id='word_1_166' title='bbox 486 1931 543 1971; x_wconf 66' lang='lat' dir='ltr'><strong>TIT.</strong></span> <span class='ocrx_word' id='word_1_167' title='bbox 556 1931 601 1972; x_wconf 86' lang='lat'><strong>111.</strong></span> 
     </span>
     <span class='ocr_line' id='line_1_19' title="bbox 371 2033 722 2096; baseline -0.003 -13"><span class='ocrx_word' id='word_1_168' title='bbox 371 2035 422 2084; x_wconf 84' lang='lat' dir='ltr'><strong>DE</strong></span> <span class='ocrx_word' id='word_1_169' title='bbox 440 2035 540 2084; x_wconf 83' lang='lat' dir='ltr'><strong>LEGE</strong></span> <span class='ocrx_word' id='word_1_170' title='bbox 558 2033 722 2096; x_wconf 76' lang='lat' dir='ltr'><strong>AQUILIA.</strong></span> 
     </span>
    </p>
   </div>
   <div class='ocr_carea' id='block_1_5' title="bbox 10 2150 1097 2990">
    <p class='ocr_par' dir='ltr' id='par_1_7' title="bbox 10 2150 1097 2990">
     <span class='ocr_line' id='line_1_20' title="bbox 125 2150 1085 2228; baseline -0.001 -17"><span class='ocrx_word' id='word_1_171' title='bbox 125 2150 236 2212; x_wconf 81' lang='lat' dir='ltr'><strong>⁵liamui</strong></span> <span class='ocrx_word' id='word_1_172' title='bbox 261 2158 374 2212; x_wconf 88' lang='lat' dir='ltr'><strong>iniuriae</strong></span> <span class='ocrx_word' id='word_1_173' title='bbox 397 2158 467 2212; x_wconf 89' lang='lat' dir='ltr'><strong>actio</strong></span> <span class='ocrx_word' id='word_1_174' title='bbox 494 2155 672 2212; x_wconf 79' lang='lat' dir='ltr'><strong>constituitur</strong></span> <span class='ocrx_word' id='word_1_175' title='bbox 697 2171 747 2228; x_wconf 91' lang='lat' dir='ltr'><strong>per</strong></span> <span class='ocrx_word' id='word_1_176' title='bbox 770 2155 859 2228; x_wconf 81' lang='lat' dir='ltr'><strong>legem</strong></span> <span class='ocrx_word' id='word_1_177' title='bbox 885 2156 1029 2228; x_wconf 82' lang='lat' dir='ltr'><strong>Aquiliam.</strong></span> <span class='ocrx_word' id='word_1_178' title='bbox 1048 2163 1085 2203; x_wconf 79' lang='lat' dir='ltr'><strong>er.</strong></span> 
     </span>
     <span class='ocr_line' id='line_1_21' title="bbox 57 2239 1033 2315; baseline -0.002 -18"><span class='ocrx_word' id='word_1_179' title='bbox 57 2243 135 2298; x_wconf 90' lang='lat' dir='ltr'><strong>cuius</strong></span> <span class='ocrx_word' id='word_1_180' title='bbox 158 2243 245 2314; x_wconf 88' lang='lat' dir='ltr'><strong>primo</strong></span> <span class='ocrx_word' id='word_1_181' title='bbox 266 2243 354 2315; x_wconf 90' lang='lat' dir='ltr'><strong>capite</strong></span> <span class='ocrx_word' id='word_1_182' title='bbox 373 2250 482 2298; x_wconf 89' lang='lat' dir='ltr'><strong>cautum</strong></span> <span class='ocrx_word' id='word_1_183' title='bbox 502 2248 561 2311; x_wconf 88' lang='lat' dir='ltr'><strong>est,</strong></span> <span class='ocrx_word' id='word_1_184' title='bbox 582 2247 613 2294; x_wconf 85' lang='lat' dir='ltr'><strong>ut</strong></span> <span class='ocrx_word' id='word_1_185' title='bbox 633 2239 657 2294; x_wconf 87' lang='lat' dir='ltr'><strong>si</strong></span> <span class='ocrx_word' id='word_1_186' title='bbox 677 2241 738 2312; x_wconf 90' lang='lat' dir='ltr'><strong>quis</strong></span> <span class='ocrx_word' id='word_1_187' title='bbox 759 2239 896 2295; x_wconf 90' lang='lat' dir='ltr'><strong>hominem</strong></span> <span class='ocrx_word' id='word_1_188' title='bbox 916 2239 1033 2296; x_wconf 86' lang='lat' dir='ltr'><strong>alionum</strong></span> 
     </span>
     <span class='ocr_line' id='line_1_22' title="bbox 57 2323 1034 2400; baseline 0 -20"><span class='ocrx_word' id='word_1_189' title='bbox 57 2326 205 2396; x_wconf 81' lang='lat' dir='ltr'><strong>alienamve</strong></span> <span class='ocrx_word' id='word_1_190' title='bbox 227 2325 443 2399; x_wconf 83' lang='lat' dir='ltr'><strong>quadrupedem,</strong></span> <span class='ocrx_word' id='word_1_191' title='bbox 472 2340 541 2400; x_wconf 87' lang='lat' dir='ltr'><strong>quae</strong></span> <span class='ocrx_word' id='word_1_192' title='bbox 562 2323 696 2398; x_wconf 91' lang='lat' dir='ltr'><strong>pecudum</strong></span> <span class='ocrx_word' id='word_1_193' title='bbox 723 2339 837 2379; x_wconf 92' lang='lat' dir='ltr'><strong>numero</strong></span> <span class='ocrx_word' id='word_1_194' title='bbox 858 2325 910 2396; x_wconf 87' lang='lat' dir='ltr'><strong>sit,</strong></span> <span class='ocrx_word' id='word_1_195' title='bbox 936 2325 1034 2380; x_wconf 86' lang='lat' dir='ltr'><strong>iniuria</strong></span> 
     </span>
     <span class='ocr_line' id='line_1_23' title="bbox 58 2407 1033 2484; baseline 0.002 -20"><span class='ocrx_word' id='word_1_196' title='bbox 58 2411 200 2482; x_wconf 87' lang='lat' dir='ltr'><strong>occiderit,</strong></span> <span class='ocrx_word' id='word_1_197' title='bbox 216 2411 309 2484; x_wconf 89' lang='lat' dir='ltr'><strong>quanti</strong></span> <span class='ocrx_word' id='word_1_198' title='bbox 325 2427 355 2466; x_wconf 91' lang='lat' dir='ltr'><strong>ea</strong></span> <span class='ocrx_word' id='word_1_199' title='bbox 371 2427 414 2466; x_wconf 84' lang='lat' dir='ltr'><strong>res</strong></span> <span class='ocrx_word' id='word_1_200' title='bbox 429 2411 457 2466; x_wconf 93' lang='lat' dir='ltr'><strong>in</strong></span> <span class='ocrx_word' id='word_1_201' title='bbox 472 2427 506 2466; x_wconf 90' lang='lat' dir='ltr'><strong>eo</strong></span> <span class='ocrx_word' id='word_1_202' title='bbox 522 2425 592 2464; x_wconf 89' lang='lat' dir='ltr'><strong>anuo</strong></span> <span class='ocrx_word' id='word_1_203' title='bbox 604 2408 714 2482; x_wconf 93' lang='lat' dir='ltr'><strong>plurimi</strong></span> <span class='ocrx_word' id='word_1_204' title='bbox 728 2407 791 2480; x_wconf 88' lang='lat' dir='ltr'><strong>iuit,</strong></span> <span class='ocrx_word' id='word_1_205' title='bbox 806 2415 910 2464; x_wconf 90' lang='lat' dir='ltr'><strong>tautum</strong></span> <span class='ocrx_word' id='word_1_206' title='bbox 922 2408 1033 2466; x_wconf 91' lang='lat' dir='ltr'><strong>domiuo</strong></span> 
     </span>
     <span class='ocr_line' id='line_1_24' title="bbox 58 2492 1066 2568; baseline 0.002 -20"><span class='ocrx_word' id='word_1_207' title='bbox 58 2493 123 2550; x_wconf 85' lang='lat' dir='ltr'><strong>dare</strong></span> <span class='ocrx_word' id='word_1_208' title='bbox 138 2493 290 2550; x_wconf 86' lang='lat' dir='ltr'><strong>damnetur.</strong></span> <span class='ocrx_word' id='word_1_209' title='bbox 322 2493 400 2562; x_wconf 84' lang='lat' dir='ltr'><strong>Quod</strong></span> <span class='ocrx_word' id='word_1_210' title='bbox 415 2503 504 2550; x_wconf 90' lang='lat' dir='ltr'><strong>autem</strong></span> <span class='ocrx_word' id='word_1_211' title='bbox 520 2509 575 2550; x_wconf 91' lang='lat' dir='ltr'><strong>non</strong></span> <span class='ocrx_word' id='word_1_212' title='bbox 590 2493 710 2568; x_wconf 87' lang='lat' dir='ltr'><strong>praecise</strong></span> <span class='ocrx_word' id='word_1_213' title='bbox 725 2492 759 2548; x_wconf 89' lang='lat' dir='ltr'><strong>de</strong></span> <span class='ocrx_word' id='word_1_214' title='bbox 774 2492 963 2568; x_wconf 89' lang='lat' dir='ltr'><strong>quadrupede,</strong></span> <span class='ocrx_word' id='word_1_215' title='bbox 984 2493 1032 2550; x_wconf 89' lang='lat' dir='ltr'><strong>sed</strong></span> <span class='ocrx_word' id='word_1_216' title='bbox 1052 2493 1066 2540; x_wconf 90' lang='lat' dir='ltr'><strong>l</strong></span> 
     </span>
     <span class='ocr_line' id='line_1_25' title="bbox 58 2577 1032 2652; baseline 0.002 -20"><span class='ocrx_word' id='word_1_217' title='bbox 58 2577 92 2632; x_wconf 91' lang='lat' dir='ltr'><strong>de</strong></span> <span class='ocrx_word' id='word_1_218' title='bbox 109 2595 138 2634; x_wconf 88' lang='lat' dir='ltr'><strong>ea</strong></span> <span class='ocrx_word' id='word_1_219' title='bbox 155 2585 269 2650; x_wconf 87' lang='lat' dir='ltr'><strong>tantum,</strong></span> <span class='ocrx_word' id='word_1_220' title='bbox 286 2594 354 2652; x_wconf 88' lang='lat' dir='ltr'><strong>quae</strong></span> <span class='ocrx_word' id='word_1_221' title='bbox 368 2579 503 2652; x_wconf 88' lang='lat' dir='ltr'><strong>pecudum</strong></span> <span class='ocrx_word' id='word_1_222' title='bbox 518 2594 631 2634; x_wconf 93' lang='lat' dir='ltr'><strong>numero</strong></span> <span class='ocrx_word' id='word_1_223' title='bbox 651 2585 704 2649; x_wconf 87' lang='lat' dir='ltr'><strong>est,</strong></span> <span class='ocrx_word' id='word_1_224' title='bbox 720 2585 839 2650; x_wconf 86' lang='lat' dir='ltr'><strong>cavetur,</strong></span> <span class='ocrx_word' id='word_1_225' title='bbox 855 2591 888 2634; x_wconf 91' lang='lat' dir='ltr'><strong>eo</strong></span> <span class='ocrx_word' id='word_1_226' title='bbox 903 2579 1032 2652; x_wconf 87' lang='lat' dir='ltr'><strong>pertinet,</strong></span> 
     </span>
     <span class='ocr_line' id='line_1_26' title="bbox 61 2661 1097 2736; baseline 0.001 -21"><span class='ocrx_word' id='word_1_227' title='bbox 61 2669 92 2716; x_wconf 91' lang='lat' dir='ltr'><strong>ut</strong></span> <span class='ocrx_word' id='word_1_228' title='bbox 105 2679 195 2735; x_wconf 89' lang='lat' dir='ltr'><strong>neque</strong></span> <span class='ocrx_word' id='word_1_229' title='bbox 209 2663 243 2718; x_wconf 90' lang='lat' dir='ltr'><strong>de</strong></span> <span class='ocrx_word' id='word_1_230' title='bbox 258 2663 323 2718; x_wconf 86' lang='lat' dir='ltr'><strong>ieris</strong></span> <span class='ocrx_word' id='word_1_231' title='bbox 338 2662 431 2719; x_wconf 86' lang='lat' dir='ltr'><strong>bestiis</strong></span> <span class='ocrx_word' id='word_1_232' title='bbox 446 2679 536 2736; x_wconf 90' lang='lat' dir='ltr'><strong>neque</strong></span> <span class='ocrx_word' id='word_1_233' title='bbox 551 2662 584 2718; x_wconf 93' lang='lat' dir='ltr'><strong>de</strong></span> <span class='ocrx_word' id='word_1_234' title='bbox 599 2661 709 2718; x_wconf 86' lang='lat' dir='ltr'><strong>canibus</strong></span> <span class='ocrx_word' id='word_1_235' title='bbox 724 2669 831 2718; x_wconf 88' lang='lat' dir='ltr'><strong>cautum</strong></span> <span class='ocrx_word' id='word_1_236' title='bbox 847 2678 907 2718; x_wconf 87' lang='lat' dir='ltr'><strong>esse</strong></span> <span class='ocrx_word' id='word_1_237' title='bbox 927 2661 1033 2717; x_wconf 90' lang='lat' dir='ltr'><strong>intelle·</strong></span> <span class='ocrx_word' id='word_1_238' title='bbox 1094 2693 1097 2700; x_wconf 43' lang='grc' dir='ltr'>ι</span> 
     </span>
     <span class='ocr_line' id='line_1_27' title="bbox 61 2745 1033 2821; baseline -0.002 -19"><span class='ocrx_word' id='word_1_239' title='bbox 61 2763 166 2819; x_wconf 82' lang='lat' dir='ltr'><strong>gamus,</strong></span> <span class='ocrx_word' id='word_1_240' title='bbox 182 2747 230 2802; x_wconf 86' lang='lat' dir='ltr'><strong>sed</strong></span> <span class='ocrx_word' id='word_1_241' title='bbox 246 2747 280 2804; x_wconf 92' lang='lat' dir='ltr'><strong>de</strong></span> <span class='ocrx_word' id='word_1_242' title='bbox 296 2747 337 2803; x_wconf 86' lang='lat' dir='ltr'><strong>his</strong></span> <span class='ocrx_word' id='word_1_243' title='bbox 352 2755 467 2819; x_wconf 91' lang='lat' dir='ltr'><strong>tantum,</strong></span> <span class='ocrx_word' id='word_1_244' title='bbox 484 2763 552 2821; x_wconf 89' lang='lat' dir='ltr'><strong>quae</strong></span> <span class='ocrx_word' id='word_1_245' title='bbox 566 2747 676 2820; x_wconf 90' lang='lat' dir='ltr'><strong>proprie</strong></span> <span class='ocrx_word' id='word_1_246' title='bbox 691 2747 764 2820; x_wconf 88' lang='lat' dir='ltr'><strong>pasci</strong></span> <span class='ocrx_word' id='word_1_247' title='bbox 779 2745 922 2816; x_wconf 87' lang='lat' dir='ltr'><strong>dicuutur,</strong></span> <span class='ocrx_word' id='word_1_248' title='bbox 939 2745 1033 2818; x_wconf 86' lang='lat' dir='ltr'><strong>quales</strong></span> 
     </span>
     <span class='ocr_line' id='line_1_28' title="bbox 60 2829 1034 2905; baseline 0.004 -23"><span class='ocrx_word' id='word_1_249' title='bbox 60 2838 124 2886; x_wconf 85' lang='lat' dir='ltr'><strong>sunt</strong></span> <span class='ocrx_word' id='word_1_250' title='bbox 139 2833 212 2905; x_wconf 82' lang='lat' dir='ltr'><strong>equi,</strong></span> <span class='ocrx_word' id='word_1_251' title='bbox 228 2831 304 2903; x_wconf 89' lang='lat' dir='ltr'><strong>muli,</strong></span> <span class='ocrx_word' id='word_1_252' title='bbox 320 2833 397 2904; x_wconf 89' lang='lat' dir='ltr'><strong>asini,</strong></span> <span class='ocrx_word' id='word_1_253' title='bbox 412 2831 505 2904; x_wconf 87' lang='lat' dir='ltr'><strong>bores,</strong></span> <span class='ocrx_word' id='word_1_254' title='bbox 522 2847 596 2902; x_wconf 87' lang='lat' dir='ltr'><strong>oves,</strong></span> <span class='ocrx_word' id='word_1_255' title='bbox 613 2845 716 2903; x_wconf 90' lang='lat' dir='ltr'><strong>caprae.</strong></span> <span class='ocrx_word' id='word_1_256' title='bbox 755 2829 788 2886; x_wconf 86' lang='lat' dir='ltr'><strong>de</strong></span> <span class='ocrx_word' id='word_1_257' title='bbox 807 2829 901 2885; x_wconf 90' lang='lat' dir='ltr'><strong>suibus</strong></span> <span class='ocrx_word' id='word_1_258' title='bbox 924 2845 1034 2903; x_wconf 84' lang='lat' dir='ltr'><strong>quoquc</strong></span> 
     </span>
     <span class='ocr_line' id='line_1_29' title="bbox 10 2913 1033 2990; baseline 0.003 -24"><span class='ocrx_word' id='word_1_259' title='bbox 10 2917 13 2924; x_wconf 90' lang='grc'><strong><em>’</em></strong></span> <span class='ocrx_word' id='word_1_260' title='bbox 60 2913 130 2970; x_wconf 89' lang='lat' dir='ltr'><strong>idem</strong></span> <span class='ocrx_word' id='word_1_261' title='bbox 145 2916 261 2989; x_wconf 84' lang='lat' dir='ltr'><strong>placuit:</strong></span> <span class='ocrx_word' id='word_1_262' title='bbox 282 2925 343 2972; x_wconf 85' lang='lat' dir='ltr'><strong>nam</strong></span> <span class='ocrx_word' id='word_1_263' title='bbox 365 2924 393 2972; x_wconf 89' lang='lat' dir='ltr'><strong>et</strong></span> <span class='ocrx_word' id='word_1_264' title='bbox 413 2932 476 2972; x_wconf 80' lang='lat' dir='ltr'><strong>sues</strong></span> <span class='ocrx_word' id='word_1_265' title='bbox 496 2931 625 2990; x_wconf 90' lang='lat' dir='ltr'><strong>pecorum</strong></span> <span class='ocrx_word' id='word_1_266' title='bbox 645 2914 827 2988; x_wconf 81' lang='lat' dir='ltr'><strong>appellatione</strong></span> <span class='ocrx_word' id='word_1_267' title='bbox 847 2914 1033 2986; x_wconf 87' lang='lat' dir='ltr'><strong>continentur,</strong></span> 
     </span>
    </p>
   </div>
   <div class='ocr_carea' id='block_1_6' title="bbox 60 3179 1069 3518">
    <p class='ocr_par' dir='ltr' id='par_1_8' title="bbox 60 3179 1069 3518">
     <span class='ocr_line' id='line_1_30' title="bbox 129 3179 1034 3246; baseline -0.004 -13.955"><span class='ocrx_word' id='word_1_268' title='bbox 129 3180 149 3246; x_wconf 83' lang='lat'><strong>¹)</strong></span> <span class='ocrx_word' id='word_1_269' title='bbox 167 3183 209 3232; x_wconf 88' lang='lat' dir='ltr'><strong>rei</strong></span> <span class='ocrx_word' id='word_1_270' title='bbox 226 3181 431 3232; x_wconf 81' lang='lat' dir='ltr'><strong>restitutionem</strong></span> <span class='ocrx_word' id='word_1_271' title='bbox 448 3182 544 3245; x_wconf 82' lang='lat' dir='ltr'><strong>aeripei</strong></span> <span class='ocrx_word' id='word_1_272' title='bbox 564 3195 615 3230; x_wconf 80' lang='lat' dir='ltr'><strong>aec</strong></span> <span class='ocrx_word' id='word_1_273' title='bbox 639 3179 750 3243; x_wconf 76' lang='lat' dir='ltr'><strong>Theopl.</strong></span> <span class='ocrx_word' id='word_1_274' title='bbox 773 3180 976 3230; x_wconf 81' lang='lat' dir='ltr'><strong>restitutionem</strong></span> <span class='ocrx_word' id='word_1_275' title='bbox 994 3180 1034 3230; x_wconf 76' lang='lat' dir='ltr'><strong>oet</strong></span> 
     </span>
     <span class='ocr_line' id='line_1_31' title="bbox 61 3244 1069 3312; baseline -0.001 -17"><span class='ocrx_word' id='word_1_276' title='bbox 61 3250 265 3300; x_wconf 76' lang='lat' dir='ltr'><strong>restitutionem</strong></span> <span class='ocrx_word' id='word_1_277' title='bbox 284 3251 343 3299; x_wconf 84' lang='lat' dir='ltr'><strong>eius</strong></span> <span class='ocrx_word' id='word_1_278' title='bbox 362 3250 437 3302; x_wconf 83' lang='lat' dir='ltr'><strong>codd.</strong></span> <span class='ocrx_word' id='word_1_279' title='bbox 456 3257 483 3298; x_wconf 84' lang='lat' dir='ltr'><strong>et</strong></span> <span class='ocrx_word' id='word_1_280' title='bbox 499 3249 559 3300; x_wconf 85' lang='lat' dir='ltr'><strong>edd</strong></span> <span class='ocrx_word' id='word_1_281' title='bbox 671 3244 693 3312; x_wconf 84' lang='lat'><strong>²)</strong></span> <span class='ocrx_word' id='word_1_282' title='bbox 710 3247 769 3310; x_wconf 78' lang='lat' dir='ltr'><strong>fere</strong></span> <span class='ocrx_word' id='word_1_283' title='bbox 786 3247 871 3301; x_wconf 60' lang='grc' dir='ltr'><strong>εὖ</strong></span> <span class='ocrx_word' id='word_1_284' title='bbox 889 3247 962 3306; x_wconf 67' lang='grc' dir='ltr'><strong>2.ξ5</strong></span> <span class='ocrx_word' id='word_1_285' title='bbox 967 3246 1033 3298; x_wconf 88' lang='grc'>2.2.</span> <span class='ocrx_word' id='word_1_286' title='bbox 1066 3261 1069 3268; x_wconf 83' lang='grc'><strong>’</strong></span> 
     </span>
     <span class='ocr_line' id='line_1_32' title="bbox 60 3311 1035 3381; baseline -0.004 -17"><span class='ocrx_word' id='word_1_287' title='bbox 60 3317 101 3368; x_wconf 87' lang='grc'><strong>23.</strong></span> <span class='ocrx_word' id='word_1_288' title='bbox 120 3318 155 3367; x_wconf 89' lang='lat' dir='ltr'><em>D</em></span> <span class='ocrx_word' id='word_1_289' title='bbox 173 3319 203 3368; x_wconf 84' lang='lat' dir='ltr'><strong>oi</strong></span> <span class='ocrx_word' id='word_1_290' title='bbox 215 3319 272 3371; x_wconf 81' lang='lat' dir='ltr'><strong>bon.</strong></span> <span class='ocrx_word' id='word_1_291' title='bbox 289 3325 359 3381; x_wconf 81' lang='lat' dir='ltr'><strong>rapt.</strong></span> <span class='ocrx_word' id='word_1_292' title='bbox 380 3314 432 3378; x_wconf 81' lang='grc'>(47,</span> <span class='ocrx_word' id='word_1_293' title='bbox 451 3317 478 3376; x_wconf 83' lang='grc'><strong>8)</strong></span> <span class='ocrx_word' id='word_1_294' title='bbox 497 3326 536 3368; x_wconf 73' lang='grc' dir='ltr'><strong>ιω</strong></span> <span class='ocrx_word' id='word_1_295' title='bbox 552 3315 611 3379; x_wconf 73' lang='lat' dir='ltr'><strong>dep.</strong></span> <span class='ocrx_word' id='word_1_296' title='bbox 631 3317 646 3365; x_wconf 87' lang='lat' dir='ltr'><strong>l.</strong></span> <span class='ocrx_word' id='word_1_297' title='bbox 665 3315 697 3364; x_wconf 82' lang='lat'><strong>56</strong></span> <span class='ocrx_word' id='word_1_298' title='bbox 715 3315 752 3364; x_wconf 84' lang='lat' dir='ltr'><strong>od</strong></span> <span class='ocrx_word' id='word_1_299' title='bbox 768 3317 809 3366; x_wconf 83' lang='lat' dir='ltr'><strong>ed.</strong></span> <span class='ocrx_word' id='word_1_300' title='bbox 878 3311 899 3379; x_wconf 80' lang='lat'><strong>¹)</strong></span> <span class='ocrx_word' id='word_1_301' title='bbox 919 3328 987 3363; x_wconf 80' lang='lat' dir='ltr'><strong>eene</strong></span> <span class='ocrx_word' id='word_1_302' title='bbox 1006 3312 1035 3361; x_wconf 88' lang='lat' dir='ltr'><strong>in</strong></span> 
     </span>
     <span class='ocr_line' id='line_1_33' title="bbox 60 3379 1034 3462; baseline -0.002 -31"><span class='ocrx_word' id='word_1_303' title='bbox 60 3381 113 3438; x_wconf 88' lang='lat' dir='ltr'><strong>hac</strong></span> <span class='ocrx_word' id='word_1_304' title='bbox 131 3387 171 3435; x_wconf 85' lang='lat' dir='ltr'><strong>ed.</strong></span> <span class='ocrx_word' id='word_1_305' title='bbox 189 3383 275 3438; x_wconf 74' lang='lat' dir='ltr'><strong>Scor.</strong></span> <span class='ocrx_word' id='word_1_306' title='bbox 286 3401 321 3436; x_wconf 76' lang='lat' dir='ltr'><strong>ex</strong></span> <span class='ocrx_word' id='word_1_307' title='bbox 337 3384 485 3462; x_wconf 70' lang='lat' dir='ltr'><strong>proibuedom</strong></span> <span class='ocrx_word' id='word_1_308' title='bbox 502 3385 588 3434; x_wconf 78' lang='lat' dir='ltr'><strong>codd.¹</strong></span> <span class='ocrx_word' id='word_1_309' title='bbox 597 3383 719 3443; x_wconf 73' lang='lat' dir='ltr'><strong>infer.¹</strong></span> <span class='ocrx_word' id='word_1_310' title='bbox 744 3379 765 3444; x_wconf 80' lang='lat'><strong>¹)</strong></span> <span class='ocrx_word' id='word_1_311' title='bbox 782 3384 820 3431; x_wconf 81' lang='lat' dir='ltr'><strong>oi&#39;e</strong></span> <span class='ocrx_word' id='word_1_312' title='bbox 839 3383 939 3446; x_wconf 82' lang='lat' dir='ltr'><strong>quidam</strong></span> <span class='ocrx_word' id='word_1_313' title='bbox 957 3381 1034 3431; x_wconf 78' lang='lat' dir='ltr'><strong>codd.</strong></span> 
     </span>
     <span class='ocr_line' id='line_1_34' title="bbox 61 3441 1033 3518; baseline 0 -20"><span class='ocrx_word' id='word_1_314' title='bbox 61 3451 138 3510; x_wconf 69' lang='lat' dir='ltr'><strong>inser.</strong></span> <span class='ocrx_word' id='word_1_315' title='bbox 165 3464 323 3518; x_wconf 83' lang='lat' dir='ltr'><strong>spectemus</strong></span> <span class='ocrx_word' id='word_1_316' title='bbox 341 3453 399 3516; x_wconf 72' lang='lat' dir='ltr'><strong>Dip.</strong></span> <span class='ocrx_word' id='word_1_317' title='bbox 419 3441 599 3514; x_wconf 78' lang='grc' dir='ltr'><strong>ἄπαιιουμεν</strong></span> <span class='ocrx_word' id='word_1_318' title='bbox 620 3449 733 3512; x_wconf 73' lang='grc' dir='ltr'><strong>ΤΙιεορΙι.</strong></span> <span class='ocrx_word' id='word_1_319' title='bbox 763 3453 940 3513; x_wconf 81' lang='lat' dir='ltr'><strong>exspectator</strong></span> <span class='ocrx_word' id='word_1_320' title='bbox 958 3449 1033 3499; x_wconf 84' lang='lat' dir='ltr'><strong>codd.</strong></span> 
     </span>
    </p>
   </div>
   <div class='ocr_carea' id='block_1_7' title="bbox 60 3517 876 3662">
    <p class='ocr_par' dir='ltr' id='par_1_9' title="bbox 60 3517 876 3662">
     <span class='ocr_line' id='line_1_35' title="bbox 60 3517 733 3586; baseline 0.002 -20"><span class='ocrx_word' id='word_1_321' title='bbox 60 3525 107 3570; x_wconf 83' lang='lat' dir='ltr'><strong>oet.</strong></span> <span class='ocrx_word' id='word_1_322' title='bbox 127 3522 187 3572; x_wconf 84' lang='lat' dir='ltr'><strong>edd.</strong></span> <span class='ocrx_word' id='word_1_323' title='bbox 207 3519 281 3570; x_wconf 78' lang='lat' dir='ltr'><strong>Selcr.</strong></span> <span class='ocrx_word' id='word_1_324' title='bbox 301 3528 327 3570; x_wconf 81' lang='lat' dir='ltr'><strong>et</strong></span> <span class='ocrx_word' id='word_1_325' title='bbox 344 3519 396 3572; x_wconf 85' lang='lat' dir='ltr'><strong>Kr.</strong></span> <span class='ocrx_word' id='word_1_326' title='bbox 465 3518 538 3586; x_wconf 54' lang='grc' dir='ltr'><strong>ἣτε</strong></span> <span class='ocrx_word' id='word_1_327' title='bbox 504 3518 613 3573; x_wconf 82' lang='lat' dir='ltr'><strong>==Gai.</strong></span> <span class='ocrx_word' id='word_1_328' title='bbox 632 3521 656 3580; x_wconf 83' lang='lat'><strong>3,</strong></span> <span class='ocrx_word' id='word_1_329' title='bbox 675 3517 733 3568; x_wconf 79' lang='lat'><strong>210.</strong></span> 
     </span>
     <span class='ocr_line' id='line_1_36' title="bbox 93 3606 876 3662; baseline 0.013 -10"><span class='ocrx_word' id='word_1_330' title='bbox 93 3618 256 3656; x_wconf 74' lang='lat' dir='ltr'><strong>moriremur</strong></span> <span class='ocrx_word' id='word_1_331' title='bbox 277 3619 650 3656; x_wconf 60' lang='lat' dir='ltr'><strong>rasomonorum·</strong></span> <span class='ocrx_word' id='word_1_332' title='bbox 839 3606 876 3662; x_wconf 92' lang='grc'><strong>11</strong></span> 
     </span>
    </p>
   </div>
   <div class='ocr_carea' id='block_1_8' title="bbox 0 0 1236 3916">
    <p class='ocr_par' dir='ltr' id='par_1_10' title="bbox 0 0 1236 3916">
     <span class='ocr_line' id='line_1_37' title="bbox 0 0 1236 3916; baseline 0 0"><span class='ocrx_word' id='word_1_333' title='bbox 0 0 1236 3916; x_wconf 95' lang='lat' dir='ltr'><strong> </strong></span> 
     </span>
    </p>
   </div>
  </div>
 </body>
</html>
