2464 3916
192 163 254 228 194
498 175 534 212 nn
554 173 736 212 rrrnnnrcrts
753 158 801 220 1v,
820 159 861 210 16.

190 321 274 378 sionis
300 333 380 376 censa
404 323 558 391 comperite
582 323 648 394 sunt
664 314 817 372 interdicte
841 329 895 372 unt
920 327 1109 372 resstnnnrs
1138 321 1166 369 et

191 418 323 474 ursuni,
338 418 400 459 cum
414 399 447 456 nb
462 407 670 476 utreque‘psrte
684 399 718 456 de
733 400 901 474 proprietate
915 398 1029 456 adonius
1043 399 1086 454 rei
1100 415 1167 454 eon-

191 489 321 548 troversia
336 487 372 542 sit
386 493 414 543 et
429 493 492 542 ente
508 486 665 560 quaeritur,
687 493 750 542 uter
770 501 802 542 er
823 482 1009 558 litigatoribus
1023 481 1166 558 possidere

189 585 217 633 et
232 581 294 630 uter
308 579 402 645 petere
422 569 527 627 debent.
568 585 684 645 namque
710 569 763 626 nisi
788 576 851 626 ente
877 568 1049 642 expiorstnm
1072 567 1166 636 inerit,

191 659 278 716 nnius
293 671 388 714 enrmn
403 656 541 730 possessio
555 655 608 727 sit,
630 670 686 712 non
706 661 800 727 potest
814 654 944 727 petitoria
959 655 1031 710 aetio
1046 652 1165 720 institui,

190 746 252 820 quie
267 749 295 798 et
309 739 395 798 civilis
410 745 438 797 et
455 739 584 798 naturalis
599 741 670 796 ratio
683 737 763 808 iecit,
787 746 816 794 nt
831 737 901 794 eiius
915 737 1076 812 possident,
1097 736 1164 792 slirrs

190 847 204 886 e
219 824 377 903 possidente
391 831 474 898 petet.
506 833 534 881 et
549 825 612 900 quis
626 823 710 897 longo
719 823 889 882 commodius
904 831 946 879 est
957 823 1102 897 possidere
1116 837 1165 894 po·

191 915 244 970 tius
260 925 341 987 quem
355 916 466 983 petere,
488 909 550 966 ideo
565 909 727 984 pierumque
748 917 776 968 et
796 908 855 964 iero
870 923 979 982 semper
992 907 1165 982 ingenseri·

190 1000 238 1056 stit
252 995 394 1054 contentio
418 993 452 1050 de
473 995 532 1066 ipse
550 993 733 1070 possessione.
772 991 943 1050 eommodnm
964 1000 1055 1048 entem
1078 991 1166 1064 possi·

190 1082 271 1140 dendi
285 1081 313 1136 in
329 1095 362 1136 en
378 1085 435 1151 est,
452 1079 541 1154 quod,
568 1080 672 1136 etiensi
692 1079 750 1134 eins
765 1094 811 1134 res
825 1093 881 1134 non
896 1078 948 1150 sit,
969 1079 1015 1150 qni
1031 1075 1165 1150 possidet,

189 1171 212 1224 si
228 1165 309 1224 modo
324 1172 400 1220 notor
415 1179 470 1220 non
493 1165 616 1236 potnerit
637 1178 711 1218 suem
737 1178 798 1220 esse
818 1161 948 1236 probare,
976 1169 1099 1218 romanet
1113 1175 1165 1214 suo

190 1253 252 1309 loco
268 1250 422 1324 possessio:
438 1255 647 1322 propterquam
663 1263 783 1318 munem,
800 1263 861 1304 cnm
873 1245 986 1304 obseura
996 1247 1053 1302 sint
1063 1246 1165 1300 intrim·

156 1342 245 1412 4⁸que
260 1337 334 1405 iuro,
350 1339 445 1390 contre
460 1335 606 1406 petitotem
622 1331 734 1389 iudicari
748 1332 829 1390 solet
874 1329 928 1388 Sed
942 1329 1089 1388 interdicto
1107 1329 1167 1402 qui·

191 1423 252 1478 dem
267 1435 321 1478 nnn
336 1431 525 1476 nossrnnrrs
552 1418 586 1474 de
608 1417 685 1474 fundi
706 1417 749 1472 vel
774 1417 880 1472 redium
904 1417 1079 1490 possessione
1100 1429 1166 1469 een·

190 1505 328 1574 tenditur,
348 1517 466 1560 ornum
488 1519 552 1559 vero
567 1501 713 1559 interdicto
733 1501 767 1557 de
787 1515 879 1558 rerum
900 1499 1038 1556 mobilium
1056 1513 1166 1574 posses-

190 1593 276 1646 sione.
307 1603 424 1662 quorum
442 1589 480 1643 ris
495 1595 524 1645 et
538 1595 659 1662 potestne
681 1585 823 1659 plurimam
844 1586 916 1642 inter
935 1601 966 1642 se
986 1583 1166 1640 differentiam

191 1674 262 1748 apud
277 1681 381 1728 veteres
397 1670 524 1728 habebat:
545 1689 607 1728 nam
622 1689 678 1730 nnn
693 1683 882 1729 rossrnnnrs
902 1669 1049 1726 interdicto
1066 1669 1091 1724 is
1106 1668 1164 1722 vin·

191 1757 282 1825 cebet,
305 1756 351 1828 qui
371 1755 509 1810 interdicti
531 1763 653 1829 ternpore
672 1753 843 1828 possidebat,
865 1755 889 1810 si
909 1754 992 1810 modo
1007 1769 1058 1810 nec
1074 1754 1100 1808 vi
1115 1767 1164 1808 nec

190 1841 257 1897 elem
273 1855 323 1894 neo
344 1839 466 1910 precario
483 1847 596 1896 nanctus
623 1839 712 1895 iuerat
732 1839 767 1896 nb
781 1839 933 1898 adversario
948 1840 1163 1912 possessienem,

190 1925 294 1982 etiamsi
309 1922 390 1978 elium
405 1923 430 1977 vi
446 1918 605 1997 expulerst¹
621 1921 751 1980 antelam
771 1915 944 2000 abripuerar¹
971 1923 1085 1980 adenem
1101 1937 1163 1995 pos·

190 2011 338 2066 sessionem
359 2015 405 2063 eut
425 2009 547 2082 precario
568 2017 709 2084 rogaverat
729 2009 862 2083 siquem,
886 2017 916 2064 nt
940 2007 989 2064 sibi
1018 2006 1161 2082 possidere

190 2096 296 2151 liceret:
320 2107 438 2151 unnnnr
452 2109 516 2150 vero
532 2093 676 2150 interdicto
691 2094 715 2148 is
737 2093 876 2164 vincebat,
898 2093 944 2166 qui
964 2095 1067 2149 maiore
1086 2100 1164 2164 parte

190 2181 248 2236 eius
263 2179 326 2234 enni
340 2193 390 2234 nec
405 2180 430 2234 vi
445 2194 495 2236 nec
506 2177 573 2235 clem
587 2193 638 2234 neo
648 2179 771 2252 precario
787 2176 819 2232 eh
830 2177 982 2234 adversario
997 2174 1162 2251 possidebat.

191 2263 272 2320 hodie
298 2272 386 2319 temen
411 2262 489 2320 diter
515 2261 688 2332 observatum
716 2279 776 2318 nem
803 2263 947 2335 utriusque
961 2262 1102 2318 interdicti
1115 2275 1164 2332 po-

192 2355 291 2418 testas,
312 2355 442 2420 quantem
457 2347 490 2402 ed
510 2349 711 2421 possessionem
725 2347 859 2420 pertinet,
881 2355 1029 2420 exaequata
1049 2354 1108 2415 est,
1132 2352 1163 2397 nt

188 2431 235 2488 ille
249 2431 338 2485 vincet
352 2437 380 2484 et
400 2432 427 2485 in
448 2447 478 2485 re
493 2431 545 2488 soii
561 2439 589 2486 et
604 2434 631 2487 in
646 2447 676 2488 re
691 2430 798 2503 mobili,
825 2433 871 2505 qni
890 2433 1092 2504 possessionem
1111 2443 1166 2484 nee

190 2517 214 2571 vi
230 2529 280 2571 nec
294 2513 362 2569 ciam
378 2527 429 2569 nec
442 2516 564 2587 precario
586 2514 618 2570 nb
633 2516 787 2572 edversario
802 2516 856 2572 litis
873 2517 1081 2572 contestationis
1096 2523 1164 2569 tem·

157 2607 173 2655 5
190 2613 257 2674 pore
272 2597 384 2654 detinet.
421 2597 564 2656 Possidere
580 2607 668 2656 autern
690 2601 796 2656 videtur
816 2601 932 2673 quisque
946 2615 1002 2656 non
1017 2600 1126 2669 solnm,
1140 2599 1164 2651 si

190 2688 248 2758 ipse
263 2677 416 2757 possideot',
432 2682 480 2738 sed
496 2693 523 2740 et
538 2685 561 2738 si
577 2685 634 2740 eius
650 2686 758 2740 nomine
773 2683 870 2757 aliquis
885 2684 912 2739 in
923 2685 1102 2758 possessione
1117 2684 1164 2752 sit,

191 2770 255 2824 licet
269 2770 292 2824 is
307 2769 365 2824 eius
380 2768 432 2822 iuri
448 2766 585 2825 subiectus
601 2785 656 2824 non
672 2769 723 2840 sit,
740 2769 829 2842 qualis
842 2779 884 2826 est
899 2769 1014 2824 colonus
1031 2776 1060 2823 et
1075 2767 1164 2840 inqui·

191 2853 276 2907 linus:
297 2869 347 2925 per
358 2867 406 2908 eos
421 2867 546 2925 quoque,
569 2853 639 2926 npnd
656 2869 725 2926 quos
746 2853 904 2926 deposuerit
925 2853 985 2927 peis
1000 2860 1047 2908 ent
1064 2851 1163 2926 quihus

191 2935 416 3007 commodaverit,
440 2938 498 3010 ipse
512 2937 654 3012 possidere
668 2937 790 2994 videtur:
817 2928 847 2993 'et
861 2938 914 2993 hoc
929 2947 985 3009 est,
1008 2935 1082 3010 quod
1099 2935 1163 2990 dici·

191 3030 252 3092 tur,
273 3021 391 3076 retinere
411 3023 613 3093 possessionem
633 3037 715 3095 posse
729 3021 845 3095 aliquem
860 3037 910 3095 per
925 3021 1088 3094 quemlibet,
1117 3021 1163 3093 qui

191 3107 249 3161 eius
264 3104 372 3162 nomine
386 3105 423 3160 sit
438 3107 465 3160 in
480 3107 666 3178 possessione.
701 3107 766 3179 qum
788 3107 867 3162 etiam
889 3107 978 3162 animo
994 3119 1106 3179 quoqne
1121 3120 1164 3160 re·

191 3191 271 3274 tineri
285 3189 484 3262 possessionem
505 3189 609 3262 placet,
630 3189 657 3246 id
678 3199 720 3246 est
742 3201 788 3262 ut,
810 3192 928 3264 quemvis
949 3206 1037 3263 neque
1053 3191 1112 3262 ipse
1128 3190 1164 3244 sit

262 3430 279 3490 'i
299 3447 334 3482 ex
350 3437 479 3500 plerisque
497 3436 571 3487 codd.
589 3437 629 3485 ed.
649 3436 720 3490 Scir.
740 3439 788 3488 -rit
805 3455 840 3490 eoo
858 3440 997 3492 redderet.
1017 3425 1057 3490 ed.
1077 3437 1127 3491 Kr.
