2484 3916
188 197 229 262 28
384 211 489 255 oureus
509 209 595 246 nomn
619 209 729 246 aurant
746 209 867 245 rrnrruu
885 195 906 258 1,
925 196 966 247 22.

187 357 290 425 veniat,
310 355 362 428 ipsi
383 353 506 427 quidem,
528 353 574 425 qui
594 368 656 406 eum
675 352 717 407 his
733 351 913 421 contrahunt,
935 349 1107 424 obligantur,
1128 361 1157 406 at

154 440 300 494 1invioem
323 437 419 512 pupilli
439 454 494 493 non
515 435 679 512 obligantur.
726 430 837 509 ¹Neque
863 443 951 490 tamen
976 433 1156 491 hereditatem
1235 470 1236 515 }

186 523 259 578 adire
274 539 363 596 neque
378 521 512 578 bonorum
532 522 734 594 possessiouem
754 527 849 594 petere
867 536 956 593 neque
976 519 1156 576 hereditatem
1234 557 1235 560 η

187 623 219 662 ex
241 605 449 662 fideicommisso
470 607 608 679 suscipere
628 605 706 660 aliter
726 612 842 678 possunt
856 605 908 660 nisi
923 605 1021 682 tutoris
1038 607 1156 660 auotori-

153 698 168 746 2
187 697 258 762 tate,
279 692 398 764 quamvis
413 691 521 747 lucrosa
535 691 571 746 sit
585 705 674 762 neque
689 689 775 744 ullum
790 689 915 744 damnum
924 688 1035 744 babeat.
1067 689 1157 744 'lutor

187 784 277 832 autem
292 776 382 832 statim
402 777 511 849 inipso
531 775 645 848 negotio
666 789 794 846 praesens
816 772 896 828 debet
915 782 1011 829 auctor
1030 771 1104 845 iieri,
1132 775 1155 828 si
1230 790 1233 815 ¹

186 861 239 918 hoo
259 859 363 934 pupillo
378 859 509 934 prodesse
525 859 724 914 existimaverit.
757 865 820 931 post
841 865 948 930 tempus
963 874 1028 913 vero
1044 865 1090 912 aut
1105 875 1157 932 per
1230 826 1235 923 1

153 945 329 1018 lepistulam
348 945 509 1016 interposita
530 942 764 998 auetoritas'nihil
784 943 849 1016 agit.
891 941 919 998 Si
939 943 1011 998 inter
1034 949 1154 998 tutorem

186 1029 352 1102 pupillumve
366 1028 494 1083 iudicium
509 1026 645 1100 agendum
658 1027 704 1097 sit,
721 1027 782 1099 quia
797 1028 856 1100 ipse
871 1033 947 1082 tutor
961 1028 989 1082 iu
1003 1043 1063 1082 rem
1078 1043 1153 1082 suam
1230 857 1237 1154 d

186 1121 281 1168 auctor
301 1128 360 1168 esse
380 1127 436 1168 non
455 1119 564 1184 potest,
585 1127 641 1166 uon
662 1113 813 1184 praetorius
830 1119 920 1182 tutor,
941 1119 972 1166 ut
986 1111 1069 1183 olim,
1091 1127 1155 1166 eon·
1236 1161 1237 1168 ,

186 1198 324 1268 stituitur,
346 1196 393 1252 sed
415 1203 524 1252 curator
543 1195 674 1251 inlocum
690 1197 747 1250 eius
764 1194 857 1267 datur,
880 1211 935 1269 quo
954 1197 1155 1252 interveniente
1230 1186 1235 1271 Ῑ

186 1279 314 1336 iudicium
329 1281 470 1355 peragitur
485 1288 513 1336 et
528 1296 561 1336 eo
576 1287 686 1354 peraeto
702 1287 812 1336 curator
826 1296 887 1336 esse
902 1279 1009 1336 desinit.
1231 1286 1235 1421 p

598 1561 654 1602 u1r.
668 1561 745 1601 xxn.

361 1647 495 1710 QUIBUS
513 1643 627 1698 MODIS
651 1647 978 1700 '1'uuuunu1rttru1t
1230 1575 1235 1763 1

134 1815 169 1854 p,
250 1783 348 1858 Popilli
373 1783 546 1857 pupillasque
571 1801 632 1839 eum
658 1782 774 1857 puberes
799 1802 859 1841 esse
885 1787 1039 1860 coeperint,
1071 1787 1154 1842 tutela

185 1868 342 1925 liberantur.
377 1867 546 1940 pubertatem
569 1876 657 1923 autem
680 1875 783 1924 veteres
805 1869 914 1943 quidem
935 1888 989 1926 nou
1010 1870 1100 1926 solum
1121 1889 1153 1926 ex
1234 1861 1235 1876 ¹

186 1953 277 2024 annis,
295 1951 343 2007 sed
359 1953 439 2008 etiam
454 1967 487 2006 ex
502 1951 594 2008 habitu
610 1953 732 2025 eorporis
747 1953 775 2008 in
791 1953 915 2010 masculis
931 1955 1065 2010 aestimari
1080 1955 1153 2011 role-

184 2036 258 2092 bant.
294 2043 388 2092 nostra
408 2043 498 2091 autem
513 2037 637 2092 maiestas
658 2036 771 2110 dignum
786 2033 847 2093 esse
861 2041 984 2094 castitate
1000 2045 1152 2113 temporum

184 2130 342 2178 nostrorum
362 2119 432 2176 bene
452 2122 571 2194 putarit,
593 2120 667 2197 quod
687 2123 715 2176 in
736 2121 842 2178 leminis
858 2130 885 2178 et
896 2124 1016 2196 antiquis
1036 2123 1153 2197 impudi-

184 2223 245 2262 eum
261 2223 321 2262 esse
336 2207 422 2261 visum
438 2214 495 2276 est,
517 2205 544 2262 id
560 2214 603 2262 est
622 2207 817 2278 inspectionem
838 2205 1002 2262 habitudinis
1018 2209 1152 2281 corporis,

185 2291 236 2346 boc
252 2292 331 2345 etiam
351 2291 379 2344 in
394 2290 528 2346 massulos
545 2289 704 2346 extendere:
726 2297 754 2345 et
773 2289 836 2346 ideo
852 2299 944 2348 saneta
958 2293 1152 2348 constitutione

184 2365 377 2446 promulgata3
399 2371 568 2446 pubertatem
589 2375 617 2428 in
637 2371 762 2428 masculis
787 2383 852 2448 post
873 2385 999 2449 quartum
1019 2375 1152 2432 decimum

184 2473 282 2512 aunum
298 2457 463 2530 completum
477 2457 550 2513 illico
565 2458 671 2512 initium
686 2458 806 2531 accipere
821 2459 1020 2532 disposuimus,
1036 2461 1153 2534 antiqui·

184 2541 245 2596 tatis
266 2557 387 2596 normam
408 2541 436 2596 in
456 2540 591 2597 femininis
612 2543 737 2616 personis
757 2541 827 2598 bene
847 2545 963 2616 positam
983 2561 1034 2600 suo
1056 2544 1151 2600 ordine

183 2624 384 2698 relinquentes,
408 2633 437 2679 ut
458 2632 521 2698 post
542 2624 729 2682 duodecimum
749 2642 849 2683 aunum
870 2615 1151 2704 completum'viripo·

151 2712 273 2764 ltentes
304 2725 364 2764 esse
393 2707 547 2764 credantur.
600 2705 685 2766 4ltem
714 2707 808 2766 fluitur
837 2712 938 2786 tutela,
973 2715 996 2768 si
1028 2713 1150 2787 adrogati

182 2794 238 2848 sint
263 2793 350 2848 adhue
378 2791 531 2865 impuberes
560 2794 600 2850 vel
629 2794 779 2868 deportati:
808 2797 873 2852 item
898 2799 970 2852 siin
992 2799 1149 2854 servitutem

182 2877 302 2949 pupillus
327 2875 482 2950 redigatur,
508 2884 539 2933 ut
558 2879 681 2951 ingratus
702 2895 716 2932 a
736 2875 885 2953 patrono,⁵
911 2881 952 2937 vel
973 2879 1005 2937 ab
1024 2881 1150 2939 hostibus

102 3186 103 3190 ,
251 3138 270 3202 ¹)
289 3140 328 3202 ἐξ.
349 3143 371 3192 1.
390 3143 414 3192 2.
430 3141 490 3204 fere
507 3161 541 3182 =
558 3142 590 3192 L.
611 3143 636 3196 9.
654 3143 694 3204 ἐξ.
714 3145 800 3196 3...5.
820 3145 853 3194 D.
872 3147 904 3195 de
928 3153 1026 3200 auctor.
1052 3143 1104 3210 (26,
1122 3145 1150 3208 8)

185 3223 220 3256 ea:
240 3207 299 3257 Gaii
315 3211 331 3259 l.
352 3210 383 3258 12
401 3211 438 3258 od
453 3211 494 3261 ed.
509 3225 585 3270 pron.
654 3209 674 3272 ²)
695 3211 735 3275 Of.
750 3212 806 3264 Gai.
821 3215 843 3268 1.
864 3215 920 3264 184.
990 3211 1010 3276 ⁸)
1029 3213 1062 3262 L.
1076 3217 1099 3264 3.
1121 3215 1148 3264 C.

184 3277 285 3340 potando
305 3281 349 3325 tat.
369 3291 392 3326 o.
411 3292 466 3328 eur.
484 3292 540 3327 esse
559 3277 595 3340 (5,
614 3276 667 3340 60).
720 3278 741 3342 ⁴)
760 3280 793 3342 cf.
812 3281 845 3328 L.
864 3283 897 3331 14
913 3297 955 3344 pr.
975 3281 1000 3340 ξ.
1020 3283 1043 3332 1.
1062 3282 1096 3332 D.
1116 3283 1149 3330 de

181 3345 251 3394 tutet.
270 3343 321 3405 (26,
341 3342 365 3405 1)
384 3359 419 3394 ena
439 3345 496 3408 Ulp.
515 3347 532 3396 t
552 3347 584 3395 3⁷
602 3347 639 3394 ad
655 3345 715 3398 Sub.
803 3346 824 3410 ὖ)
842 3352 873 3396 ut
890 3349 961 3412 ingr.
980 3363 997 3397 a
1014 3352 1085 3412 potr.
1101 3347 1149 3397 ΤΒ

181 3409 232 3470 (bic
249 3415 333 3460 tomen
352 3418 413 3475 post
433 3409 608 3479 servitutem)
630 3413 741 3478 Tbeoplr.
764 3429 811 3466 om.
833 3416 892 3479 Dip.
912 3417 936 3466 P
961 3417 1055 3481 aliique
1080 3417 1151 3465 molti

182 3477 260 3540 inser.
280 3479 338 3528 edd.
358 3477 431 3532 Sebr.
450 3487 476 3530 et
493 3480 545 3533 Kr.
