2484 3916
297 129 402 174 outone
420 131 564 168 ananuaua
583 131 668 166 arear
685 133 740 168 vsu
760 133 815 169 uou
834 119 871 180 11,
889 122 915 172 8.
1053 120 1096 185 55

126 289 187 331 eum
203 273 290 342 Titio,
309 272 387 328 selus
408 272 562 328 libertatem
577 274 602 328 ei
622 275 753 348 imposuit
767 275 810 330 vel
826 276 942 331 vindicta
957 277 999 332 vel
1013 285 1096 334 testa·

125 365 235 426 mento,
262 373 294 413 eo
316 374 380 412 oasa
402 359 543 430 perseius
565 357 737 414 emittebatur
759 367 786 414 et
811 361 887 416 socio
913 360 1093 418 adcrescebat.

125 442 173 498 aed
194 457 256 498 eum
276 443 423 516 pessimum
444 442 534 498 iuerat
553 437 710 515 erempio,¹
731 451 758 499 et
779 443 904 500 libertate
926 461 1035 500 servum
1050 446 1096 501 de-

124 525 244 583 fraudari
264 533 291 582 et
312 543 344 582 ex
365 543 396 582 ea
416 525 620 583 humanioribus
642 527 751 600 quidem
771 527 887 584 dominis
908 529 1033 586 damnum
1054 532 1095 586 in-

124 610 202 682 ierri,
215 610 400 667 severioribus
411 617 502 668 autem
517 611 623 668 luorum
635 611 807 668 adcrescere:
823 613 877 669 hoe
891 616 968 686 quasi
982 614 1096 671 invidiae

122 695 236 769 plenum
256 696 302 769 pio
321 695 443 752 remedio
462 713 513 776 per
527 703 650 752 nestram
670 691 913 753 constitutiouem²
927 698 1029 754 mederi
1049 717 1096 756 ne·

121 781 273 838 cessarium
286 779 413 838 emimus
429 787 457 836 et
471 781 622 837 invenimus
637 782 723 852 viam,
743 798 793 854 per
814 798 893 855 quam
909 789 936 837 et
951 785 1096 840 manumis-

122 881 172 920 ser
192 873 220 920 et
241 866 332 920 senius
348 865 405 920 eisne
422 872 449 922 et
469 867 516 939 qui
536 863 690 922 libertatem
711 868 829 940 aceepit,
853 875 948 924 nosue
970 867 1096 924 fruantur

123 947 274 1023 beneficio,
300 948 424 1010 libertate
445 967 507 1006 oum
526 949 625 1006 eflbmu
649 949 815 1023 procedunto
842 949 928 1023 (carius
951 951 1044 1006 imore
1068 960 1096 1008 et

121 1035 252 1106 antiquos
272 1033 445 1108 legislatores
467 1033 552 1090 muita
572 1042 600 1090 et
620 1042 714 1090 eontra
735 1051 891 1092 communes
910 1035 1020 1109 regulas
1042 1043 1096 1095 sta·

120 1119 210 1174 tuisse
232 1117 481 1174 manifestissimum
503 1117 556 1191 est)
577 1125 604 1174 et
626 1135 675 1190 eo,
702 1121 749 1193 qui
775 1137 832 1176 eam
857 1121 1004 1194 imposuit,
1031 1137 1095 1178 suae

97 1225 99 1228 ·
120 1201 291 1260 liberalitatis
312 1201 458 1259 somnone
485 1203 620 1277 gaudente
642 1211 670 1262 et
691 1205 766 1272 socio
789 1204 908 1260 indemni
933 1213 1094 1262 conservato

120 1288 297 1360 pretiumque
311 1288 383 1344 serui
395 1287 545 1346 seeundum
561 1296 665 1362 partem
678 1289 800 1360 dominii,
816 1289 891 1361 quod
906 1305 957 1344 nos
970 1288 1095 1346 definivi-

122 1388 201 1443 mne,
212 1373 373 1446 accipiente.

540 1567 598 1608 unt.
611 1567 679 1609 vm.

277 1669 413 1734 QUIBUS
432 1671 620 1726 Autumnum
633 1671 745 1722 LICET
769 1672 837 1724 VEL
855 1671 940 1723 NON.
957 1669 969 1692 ’

188 1787 310 1850 ³doeidit
325 1781 485 1868 atiquaudo',
506 1802 536 1850 ut
552 1796 598 1868 qui
614 1795 738 1850 dominus
754 1796 804 1866 sit,
825 1795 940 1851 alienare
955 1812 1011 1851 uon
1029 1813 1094 1870 poe·
1110 1812 1145 1852 rr.

45 1923 48 1930 .
118 1881 158 1936 sit
172 1886 203 1935 et
224 1876 320 1934 eobtra
341 1881 388 1952 qui
406 1879 533 1936 dominus
553 1881 676 1950 nonsit,
695 1879 851 1936 alienandae
870 1881 911 1936 rei
930 1888 1095 1954 potestatem

118 1963 230 2020 habeat.
257 1979 319 2022 uam
333 1963 424 2020 dotale
439 1963 578 2037 praedium
593 1965 705 2020 maritus
721 1966 804 2020 invita
814 1965 926 2022 madere
940 1981 990 2037 per
1005 1965 1095 2038 legam

117 2049 217 2104 Iuliam
230 2047 394 2122 prohibetur
408 2049 540 2120 alienare,
565 2049 686 2121 quemvis
707 2050 791 2121 ipsius
809 2049 860 2118 sit,
881 2047 953 2104 dotis
973 2065 1054 2104 eausa
1068 2051 1095 2104 oi

117 2133 227 2190 datum.
257 2132 332 2206 quod
346 2150 414 2204 noe,
428 2133 519 2206 legem
532 2131 626 2190 Iuliana
641 2133 828 2205 corrigentes,
843 2133 872 2187 in
886 2131 1026 2186 maiorem
1040 2139 1095 2186 sta·

118 2227 182 2274 tum
209 2211 400 2275 deduximus.⁴
444 2233 505 2272 enm
525 2218 597 2272 euim
619 2216 663 2271 lea
682 2217 710 2271 in
730 2215 784 2272 soli
803 2213 991 2270 tantummodo
1011 2215 1093 2271 rebus

117 2303 215 2363 iocum
230 2301 359 2372 babebat,
376 2319 444 2375 quae
454 2300 561 2357 Italicae
576 2300 700 2372 fuerant,
714 2307 743 2355 et
755 2300 931 2356 alienationes
945 2298 1094 2371 inhibebat,

118 2403 193 2460 qnae
213 2388 296 2442 inuita
316 2387 429 2443 muliere
451 2383 565 2455 finirem,
594 2385 760 2458 hypothecas
788 2392 878 2440 autem
897 2401 989 2440 aarum
1014 2387 1095 2446 etiarn

117 2471 249 2528 volente:
270 2472 393 2546 utrisque
408 2469 557 2527 remedium
572 2471 768 2544 imposuimus,
791 2477 822 2525 ut
837 2470 917 2526 etiam
934 2470 962 2524 in
978 2485 1022 2525 eas
1039 2485 1094 2540 res,

118 2572 193 2630 quae
214 2557 242 2612 in
262 2551 420 2629 provinciali
436 2555 496 2610 solo
516 2547 623 2628 positae
637 2562 718 2624 sunt,
738 2553 884 2614 interdieta
904 2553 952 2609 fiat
969 2554 1094 2610 alienum

117 2641 165 2698 rel
183 2638 313 2714 obligatio
328 2648 357 2696 et
371 2648 499 2696 nentrum
515 2656 610 2694 eorum
625 2656 715 2713 neque
728 2637 963 2696 eonsentieutibus
976 2639 1094 2716 maberi-

118 2725 175 2782 hus
191 2725 335 2798 procedat,
356 2741 390 2782 ne
410 2741 491 2780 sexus
510 2723 651 2780 muliebris
666 2724 799 2798 fragriitas
820 2725 848 2778 in
868 2723 1015 2796 perniciem
1030 2721 1094 2776 siab-

120 2811 240 2866 stantiae
255 2826 346 2866 earum
360 2815 576 2866 conuerteretur.
617 2802 735 2864 ⁵Gontra
750 2815 840 2864 autem
855 2806 974 2863 creditor
993 2807 1093 2881 pignus
1113 2823 1127 2870 1
1230 2845 1231 2848 η

119 2912 156 2952 ex
169 2895 312 2969 pedone,
328 2896 449 2968 quamuis
464 2895 522 2950 eius
539 2910 570 2950 ea
584 2910 627 2950 res
643 2894 764 2965 nonsit,
780 2893 896 2949 alisanae
911 2899 1013 2966 potest.
1045 2892 1094 2948 sod

13 3207 14 3210 Ἴ
191 3143 210 3207 ¹)
229 3147 267 3196 eie
285 3147 326 3196 ed.
347 3143 423 3197 θοὴν.
442 3159 478 3195 en
495 3145 643 3210 quibusdam
665 3144 741 3194 codd.
760 3157 807 3194 aee
829 3144 906 3196 inuito
928 3143 1039 3206 Theopb.
1059 3141 1095 3204 ef.

123 3213 160 3263 L.
178 3214 212 3262 45
226 3229 271 3277 pr.
285 3213 318 3263 D.
339 3213 371 3262 do
383 3215 432 3277 leg.
444 3214 469 3264 2.
487 3213 607 3278 pessimo
625 3211 719 3262 iuerat
736 3210 861 3280 exemplo
886 3227 921 3260 en
934 3211 1000 3260 ‘otiis
1018 3209 1094 3258 codd.

13 3283 14 3294 ¹
123 3281 166 3330 od.
185 3280 236 3330 Kr.
306 3278 327 3343 ²)
344 3280 379 3330 L.
398 3282 421 3330 1.
436 3280 463 3330 0.
481 3282 514 3331 de
533 3297 618 3332 comm.
637 3295 712 3330 serae
730 3278 764 3342 (7,
779 3277 813 3342 i).
881 3275 902 3340 ⁸)
919 3279 975 3326 init.
989 3297 1023 3320 ==
1038 3275 1094 3328 Gai.

14 3351 15 3395 t
125 3349 151 3407 2,
170 3349 211 3398 62.
229 3349 263 3399 68
279 3355 340 3398 mut.
421 3345 441 3410 4)
460 3349 494 3400 L.
515 3350 538 3398 1.
558 3350 582 3412 ἕ.
602 3349 643 3399 15.
665 3348 965 3398 adcrementum.
985 3343 1019 3406 (b,
1040 3341 1091 3406 13).

14 3434 16 3486 j
124 3413 144 3476 ⁵)
162 3418 218 3484 init.
236 3437 270 3458 ==
290 3416 346 3470 nai.
365 3419 389 3478 2,
408 3417 441 3468 bd
458 3423 516 3468 mut.
