2464 3916
155 225 216 289 160
409 240 440 276 vr
459 238 592 275 nononuu
611 237 760 274 sarroxuxr
777 225 825 288 1v,
845 227 869 274 2.
960 205 963 212 Α

154 382 302 440 nrnovcndo
319 379 422 436 lurtum
438 380 526 436 iaciat.
554 388 582 436 et
596 379 695 454 placet,
712 382 772 454 quia
788 380 891 436 lurtum
907 397 939 437 ex
950 380 1048 436 ellectu
1063 398 1129 438 con·

154 469 241 539 sistit,
262 468 299 521 ita
320 465 428 521 demum
444 465 559 540 obligari
575 482 607 521 eo
624 466 735 521 crimine
750 464 928 538 impuberem,
950 467 972 521 si
987 467 1128 540 proximus

58 551 290 625 ltqallpnbertati
316 552 352 606 sit
373 557 402 606 et
427 549 461 606 ob
483 549 509 605 id
534 549 692 622 intellegat,
714 566 744 605 se
764 546 933 623 delinquere.
964 548 1041 605 rurn
1057 552 1128 606 actio

153 637 209 691 sive
225 635 301 710 dupli
315 636 372 690 sive
388 634 530 708 quadrupli
546 641 650 690 tantuma
666 634 698 690 ad
713 650 818 708 poenae
832 636 1050 708 persecutionem
1067 651 1129 708 per·
1220 623 1221 690 l

154 722 236 775 tinet:
252 736 313 775 narn
328 720 413 793 ipsius
428 721 467 775 rei
482 720 700 794 persecutionem
711 719 879 775 extrinsecus
894 718 976 775 habet
990 719 1129 790 dominus,

154 821 233 877 quam
249 812 295 859 aut
310 803 471 860 vindicando
493 810 540 859 aut
561 803 729 860 condicendo
744 810 838 876 potest
853 803 969 859 aulerre.
1006 802 1055 858 sed
1071 806 1129 858 viu-

153 889 250 945 dieatio
267 888 374 961 quidem
390 887 518 944 adversus
533 903 720 962 possessorem
736 894 789 959 est,
804 889 860 943 sive
875 888 921 943 lm·
935 889 994 962 ipse
1004 887 1131 962 possidet

153 975 209 1030 sive
224 973 292 1028 alius
309 973 436 1047 quilibet:
452 972 588 1029 condictio
604 972 830 1028 autemadrersns
845 973 933 1045 ipsum
945 972 1033 1028 iurem
1049 973 1131 1028 bere-

153 1058 246 1114 demve
261 1059 331 1129 eius,
345 1058 408 1114 licet
423 1074 477 1114 non
493 1056 640 1130 possideat,
655 1058 795 1132 competit.

586 1253 642 1294 um.
657 1253 688 1293 11.

406 1359 445 1408 VI
463 1355 644 1408 BONORUM
663 1355 874 1412 RAPTORUM.

67 1479 70 1486 '
102 1494 135 1532 rr.
218 1473 288 1549 1Ουί
308 1498 353 1537 ros
373 1481 472 1536 alienes
492 1481 577 1554 rapit,
604 1486 714 1535 tenetur
735 1479 842 1556 quidem
864 1481 943 1535 etiam
964 1478 1031 1535 lorti
1055 1478 1131 1554 (quis

153 1567 223 1622 enim
244 1567 330 1640 magis
353 1565 466 1621 alienam
486 1580 543 1619 rem
563 1565 647 1621 invito
669 1563 778 1620 domiuo
799 1571 967 1635 contrectat,
982 1580 1065 1638 quam
1081 1567 1130 1637 qui

152 1651 178 1705 vi
192 1651 279 1724 rapiti
295 1650 412 1722 ideoque
426 1655 502 1704 recte
514 1647 615 1704 dictum
627 1655 679 1718 est,
695 1664 756 1704 eum
771 1647 924 1722 improbum
940 1648 1027 1704 iurem
1039 1647 1128 1720 esscl:

153 1734 200 1789 sed
216 1741 304 1789 tamen
320 1735 457 1806 propriam
468 1734 600 1788 actionem
616 1734 674 1788 eius
690 1732 781 1789 delicti
793 1734 902 1788 nomine
913 1741 1025 1807 praetor
1038 1735 1128 1789 intro·
1222 1727 1223 1738 ¹

153 1817 238 1887 duxit,
250 1833 317 1889 quae
334 1815 486 1890 appellatur
501 1817 525 1870 vi
536 1815 671 1872 bonorum
686 1825 826 1892 raptorum
841 1825 870 1872 et
884 1826 926 1873 est
940 1821 1012 1874 intra
1026 1834 1127 1873 arrnnm
1222 1823 1223 1830 ’

153 1900 313 1976 quadrupli,
333 1907 398 1974 post
417 1916 516 1955 aunum
537 1900 636 1974 simpli.
671 1919 739 1975 quae
761 1902 830 1958 actio
852 1902 925 1957 utilis
941 1909 999 1973 est,
1021 1903 1127 1958 etiamsi

152 1986 213 2058 quis
228 1979 310 2042 unani
323 2001 396 2058 rem,
418 1984 482 2042 licet
501 1986 650 2058 minimam,
671 1988 800 2060 rapuerit.
838 1986 1018 2060 quadruplum
1034 1994 1126 2042 autem

152 2086 207 2126 non
223 2077 311 2128 totum
332 2086 419 2144 poena
440 2077 483 2125 est
503 2077 531 2125 et
550 2076 627 2125 extra
640 2087 755 2144 poenam
770 2072 809 2126 rei
824 2071 995 2144 persecutio,
1011 2072 1084 2127 sicut
1098 2072 1127 2126 in

152 2155 259 2212 actione
271 2155 341 2211 ¹lurti
356 2154 491 2211 mauilcsti
512 2153 644 2210 diximus:
665 2154 713 2210 sed
734 2157 762 2210 in
777 2154 928 2229 quadruplo
949 2157 1022 2211 inest
1043 2163 1072 2211 et
1085 2157 1127 2210 rei
1223 2183 1224 2226 1

152 2242 324 2313 persecutio,
347 2247 378 2294 ut
392 2255 481 2314 poena
495 2238 570 2313 tripli
585 2241 636 2310 sit,
657 2241 713 2295 sive
728 2239 974 2313 comprehendatur
988 2247 1083 2313 raptor
1097 2241 1126 2296 in

151 2327 211 2397 ipso
227 2325 326 2380 delicto
342 2326 398 2380 sive
413 2340 477 2379 non.
514 2323 658 2380 ridiculum
673 2331 716 2379 est
730 2325 817 2396 enim,
832 2324 940 2380 levioris
956 2340 1017 2380 esse
1032 2323 1127 2380 condi·

120 2410 131 2455 1
153 2409 236 2463 cionis
253 2423 330 2480 eum,
354 2410 400 2480 qui
414 2409 438 2463 vi
454 2409 540 2482 rapit,
562 2425 642 2482 quam
658 2410 704 2482 qui
725 2408 792 2464 clam
808 2416 921 2464 amovet.
953 2407 1020 2476 Quia
1034 2415 1126 2464 tamen

151 2493 189 2546 ita
209 2493 340 2566 competit
361 2493 427 2547 haec
446 2494 533 2564 actio,
560 2493 582 2548 si
604 2492 668 2548 dolo
689 2492 760 2548 malo
782 2495 898 2568 quisque
917 2493 1054 2567 rapuerit:
1078 2494 1126 2566 qui

152 2575 242 2650 aliquo
258 2593 351 2632 errore
366 2575 508 2648 inductus,
530 2593 605 2632 suam
621 2593 677 2633 rem
693 2593 769 2650 esse,
790 2585 817 2634 et
836 2577 993 2652 imprudens
1008 2578 1075 2632 iuris
1090 2593 1125 2632 eo

152 2662 240 2718 animo
261 2663 366 2736 rapuit,
389 2662 465 2736 quasi
486 2661 596 2717 domino
616 2661 696 2718 liceat
721 2679 777 2718 rem
804 2679 879 2718 suam
901 2663 980 2718 etiam
1000 2661 1125 2736 pervim

152 2746 259 2802 auterre
279 2744 499 2821 possessoribus,
521 2745 624 2802 absolvi
643 2745 733 2802 debet.
770 2748 814 2803 cni
834 2746 938 2802 scilicet
958 2747 1125 2803 conveniens

152 2838 209 2900 est,
226 2847 276 2886 nec
291 2831 355 2886 lurti
371 2831 458 2886 teneri
478 2846 556 2902 eum,
579 2831 625 2903 qui
646 2830 740 2886 eodem
761 2832 814 2888 hoc
835 2832 923 2887 animo
945 2831 1044 2905 rapuit.
1075 2829 1125 2886 sed

151 2931 200 2986 ne,
216 2914 280 2969 dum
296 2915 357 2971 talia
373 2915 578 2988 excogitentur,
599 2916 750 2971 inveniatur
765 2917 820 2988 via,
841 2931 983 2989 perquam
999 2922 1125 2989 raptores

150 2999 260 3072 impune
279 3015 355 3054 suam
382 3006 524 3055 exerceant
544 3000 698 3055 auaritiam:
723 3000 818 3056 melius
839 2999 970 3056 divalibus
989 3000 1125 3056 coustitu-

150 3075 291 3140 tiouibus²
310 3099 361 3156 pro
383 3083 432 3139 hac
452 3091 528 3157 parte
550 3091 725 3158 prospectum
747 3093 805 3157 est,
826 3092 858 3140 ut
877 3086 977 3142 nemini
997 3083 1076 3142 liceat
1098 3085 1125 3139 vi

151 3184 246 3243 rapere
261 3185 318 3225 rem
333 3167 459 3224 mobilem
475 3169 517 3224 vel
532 3185 562 3224 sc
578 3177 746 3242 moventem,
768 3170 832 3226 licet
847 3186 922 3225 suam
938 3168 1051 3224 eandem
1065 3185 1123 3224 rem

152 3254 301 3309 existimet:
321 3253 370 3309 sed
390 3253 413 3308 si
434 3254 495 3326 quis
517 3259 610 3308 contra
626 3260 727 3309 statuta
742 3253 853 3326 lecerit,
874 3254 913 3310 rei
934 3252 1042 3326 quidem
1057 3269 1125 3309 suae

221 3447 240 3509 ¹)
256 3450 315 3510 fere
332 3471 366 3490 =
385 3450 441 3504 Gai.
459 3453 483 3510 3,
503 3449 561 3499 209.
614 3448 634 3512 ²)
653 3451 686 3505 L.
707 3454 747 3504 13.
766 3452 800 3503 Ι).
819 3454 888 3518 quod
903 3458 982 3503 metus
1000 3467 1022 3503 c.
1035 3450 1062 3516 (4
1083 3452 1123 3516 2).

153 3511 185 3563 L.
204 3514 228 3560 4.
248 3514 275 3565 0.
291 3519 337 3577 fin.
355 3533 411 3580 req.
432 3515 467 3582 (3,
486 3515 528 3578 39)
547 3517 580 3568 L.
600 3518 624 3568 7.
642 3520 666 3571 9.
687 3518 713 3567 C.
732 3521 798 3570 unde
816 3523 842 3570 oi
858 3520 892 3584 (8,
910 3517 946 3582 4).
