2464 3916
170 155 232 220 120
351 174 386 208 nu
405 169 539 208 notionum
556 171 793 208 nossssemnreus
811 157 863 221 ΙΙΙ,
883 159 898 208 9
917 155 977 221 (10).

169 324 276 370 mento:
306 313 448 370 sedetiam
465 311 680 388 quibuscumque
695 312 783 370 verbis
799 313 852 370 hoc
872 314 993 386 patronis
1007 314 1141 386 permitti-

170 408 214 454 tur
234 398 322 454 lacere
344 415 376 454 ex
395 399 455 471 ipso
471 398 724 469 senatusconsulto,
747 397 820 472 quod
842 396 991 455 Claudianis
1013 399 1141 470 tempori·

167 482 218 550 ltus
235 483 335 538 lactum
351 491 393 538 est
409 481 495 538 Suillo
511 481 581 538 Rulo
598 491 625 538 et
641 483 749 540 Ostorio
766 481 880 556 Scapula
895 479 1061 540 consulibus.

571 679 627 720 TIT.
641 679 676 720 IX
690 680 735 728 (X).

365 747 415 833 un
434 781 615 833 cononum
632 781 947 834 Possessroumus,

117 917 152 956 1³1.
207 933 210 940 ι
233 905 277 962 lus
293 905 427 962 honorum
438 907 620 979 possessionis
635 905 819 963 introductum
832 912 874 961 est
888 911 1040 980 apraetore
1052 919 1144 962 emen·
1229 901 1230 918 ³

169 989 248 1046 dandi
263 991 361 1046 veteris
377 991 443 1045 iuris
465 991 560 1064 gratia.
599 1007 650 1046 nec
670 990 759 1046 solum
782 992 810 1046 in
830 992 1018 1046 intestatorum
1036 989 1144 1046 heredi·

170 1074 267 1131 tatibus
298 1081 375 1130 vetus
398 1077 441 1131 ius
468 1092 501 1131 eo
529 1075 608 1131 modo
636 1083 746 1149 praetor
771 1074 936 1146 emendavit,
966 1075 1038 1131 sicut
1060 1091 1145 1148 supra
1228 1071 1229 1076 ’

169 1159 268 1215 dictum
285 1168 343 1230 est,
365 1159 456 1215 sedin
472 1176 566 1215 eorum
582 1176 702 1234 quoque,
723 1162 785 1233 qui,
806 1167 969 1215 testamento
986 1158 1076 1230 lacto,
1100 1158 1145 1213 de·

169 1244 308 1300 cesserint.
340 1261 399 1298 nam
430 1245 452 1299 si
482 1244 585 1300 alienus
614 1253 758 1318 postumus
779 1245 857 1300 heres
885 1243 967 1299 luerit
987 1244 1144 1314 institutus,

169 1329 289 1400 quamvis
305 1327 483 1384 hereditatem
498 1330 556 1384 iure
571 1329 641 1384 cirili
656 1317 728 1384 adire
744 1346 799 1384 nou
813 1335 938 1402 poterat,
954 1345 1013 1383 cum
1030 1329 1144 1382 institu-

168 1413 207 1468 tio
223 1429 279 1468 non
294 1409 413 1484 valebat,
430 1413 576 1469 honorario
592 1421 680 1468 tamen
696 1415 754 1469 iure
774 1412 906 1468 bonorum
920 1429 1070 1485 possessor
1086 1409 1145 1467 elfi-

168 1496 305 1569 ciebatur,
331 1497 455 1553 videlicet
481 1515 572 1554 cuma
595 1505 722 1571 praetore
748 1495 934 1552 adiuvabatur:
962 1495 1009 1552 sed
1037 1495 1084 1551 lric
1111 1491 1144 1551 e¹
1227 1549 1228 1560 ,

168 1591 262 1637 nostra
284 1576 499 1638 constitutione²
525 1581 605 1637 hodic
624 1590 699 1638 recte
720 1581 799 1636 heres
821 1582 988 1652 instituitur,
1016 1583 1096 1653 quasi
1116 1591 1144 1636 et

136 1664 148 1710 1
167 1667 226 1721 iure
242 1665 311 1720 civili
326 1683 382 1720 non
397 1667 563 1739 incognitus.
602 1665 752 1740 Aliquando
769 1673 858 1721 tamen
874 1681 962 1738 neque
978 1663 1141 1720 emendandi

168 1765 257 1821 neque
272 1749 448 1822 impugnandi
463 1751 561 1805 veteris
577 1751 661 1820 iuris,
683 1750 732 1805 sed
747 1751 832 1824 magis
854 1747 1030 1805 confirmandi
1052 1750 1142 1822 gratia

167 1831 314 1906 pollicetur
328 1832 462 1888 bonorum
476 1834 688 1906 possessionem.
718 1851 779 1889 nam
794 1833 847 1890 illis
864 1851 987 1908 quoque,
1004 1835 1052 1907 qui
1067 1841 1142 1890 recte

167 1917 239 1972 lacto
255 1923 417 1972 testamento
432 1917 547 1973 heredes
567 1919 685 1974 instituti
705 1927 785 1990 sunt,
806 1919 850 1974 dat
872 1917 1020 1974 seeundum
1037 1915 1140 1974 tabulas

167 2000 301 2058 honorum
316 2003 532 2076 possessionem:
562 2003 627 2058 item
648 2001 680 2058 ab
695 2004 824 2059 intestato
840 2020 906 2058 suos
922 2003 1036 2058 heredes
1053 2011 1083 2058 et
1096 2001 1142 2058 ad-

168 2094 266 2160 gnatos
283 2087 314 2142 ad
330 2085 463 2144 bonorum
478 2087 681 2161 possessionem
698 2095 788 2143 vocat:
805 2087 853 2144 sed
869 2097 897 2143 et
911 2094 1014 2143 remota
1030 2103 1142 2160 quoque

168 2170 302 2227 bonorum
325 2173 516 2246 possessione,
541 2171 573 2228 ad
597 2189 644 2228 cos
670 2171 804 2228 hereditas
830 2173 950 2245 pertinet
975 2173 1035 2226 iure
1057 2171 1139 2226 civili.

134 2260 149 2308 2
170 2247 261 2324 3Quos
277 2265 365 2312 autem
381 2266 491 2330 praetor
505 2257 581 2313 solus
597 2265 675 2313 vocat
690 2256 722 2312 ad
738 2256 930 2327 hereditatem,
951 2255 1065 2312 heredes
1082 2257 1143 2328 qui·

168 2339 229 2394 dem
244 2343 303 2413 ipso
320 2343 379 2396 iure
394 2358 450 2396 non
467 2339 535 2396 liunt
556 2340 628 2412 (nam
643 2348 753 2414 praetor
774 2340 900 2396 heredem
916 2339 1004 2396 lacere
1020 2357 1074 2397 nou
1088 2357 1140 2412 po-

168 2431 236 2478 test:
258 2441 306 2496 per
324 2423 414 2497 legem
430 2426 500 2480 enim
517 2433 620 2480 tantum
635 2425 678 2480 vel
693 2425 806 2482 similem
827 2426 892 2480 iuris
913 2425 1141 2480 constitutionem

167 2507 282 2562 heredes
304 2506 389 2579 fiunt,
415 2507 499 2563 veluti
520 2525 569 2582 per
588 2509 856 2566 senatusconsultum
878 2518 905 2564 et
926 2509 1141 2564 constitutiones

166 2590 353 2666 principales):
384 2591 432 2647 sed
452 2610 513 2649 cum
536 2595 573 2648 eis
594 2602 703 2667 praetor
718 2593 763 2649 dat
778 2593 911 2650 bonorum
926 2595 1141 2667 possessionem,

167 2675 228 2731 loco
244 2675 373 2732 heredum
389 2678 595 2734 constituuntur
616 2686 643 2734 et
659 2687 789 2735 vocantur
803 2677 937 2734 bonorum
951 2694 1139 2752 possessores.

167 2759 254 2818 adlruc
269 2769 358 2817 autem
374 2769 401 2817 et
416 2761 482 2817 alios
499 2763 651 2837 complures
672 2763 771 2836 gradus
792 2771 903 2837 praetor
923 2761 987 2818 lecit
1008 2763 1037 2818 in
1051 2761 1141 2818 hono·

167 2861 227 2900 rum
242 2845 460 2919 possessionibus
477 2845 589 2919 dandis⁷
610 2847 674 2902 dum
694 2847 721 2902 id
742 2847 855 2922 agebat,
877 2864 912 2902 ne
928 2847 988 2920 quis
1003 2847 1064 2902 siue
1079 2863 1142 2902 suc·

167 2944 277 2986 cessore
298 2931 443 2986 moriatur:
473 2948 534 2986 nam
555 2932 755 3005 angustissimis
776 2931 874 2987 linibus
895 2931 1075 2988 coustitutum
1090 2947 1142 3004 per

167 3013 256 3086 legem
282 3012 424 3072 duodecim
439 3015 602 3086 ,tabularum
626 3017 668 3071 ius
698 3015 927 3091 percipiendarum
957 3014 1140 3072 hereditatum

172 3163 375 3172 Μ.-

236 3245 254 3309 1)
274 3247 322 3296 sed
340 3247 384 3297 hie
404 3263 418 3296 e
436 3249 539 3326 scripsi.
559 3237 632 3298 ἀλλὰ
646 3242 679 3299 δὲ
694 3238 827 3310 διάταξις
840 3245 892 3299 τοῦ
904 3241 1044 3312 ἡμετέρου
1057 3243 1141 3310 βασι-

168 3309 236 3373 λέως
249 3306 299 3366 τὸν
312 3313 444 3365 τοιοῦτον
456 3329 619 3378 ποστουμον
629 3305 725 3378 ὀρθῶς
737 3311 871 3382 βούλεται
884 3305 1053 3380 γράφεσθαι
1070 3315 1142 3379 κλη-

167 3374 290 3445 ρονόμον
312 3381 423 3448 ilreoplt.
444 3383 492 3432 sed
510 3386 538 3431 et
556 3397 573 3430 a
591 3385 665 3432 codd.
683 3391 732 3432 oet.
752 3386 810 3434 edd.
825 3383 898 3434 Sedr.
918 3389 943 3432 et
960 3382 1010 3434 Kr.
1064 3379 1085 3444 ²)
1103 3383 1139 3430 L.

167 3464 207 3500 uo.
228 3448 255 3502 0.
275 3451 306 3499 de
325 3451 373 3500 iac.
391 3465 463 3515 pers.
482 3449 517 3514 (6,
536 3447 589 3512 48),
659 3449 679 3513 ³)
698 3471 731 3491 =
752 3452 807 3502 Gai.
827 3455 850 3510 3,
870 3453 911 3504 32.
930 3451 963 3500 33
980 3456 1041 3499 mul.
