2464 3916
208 176 267 242 138
362 196 397 229 ne
418 193 599 230 trrrenaatra
618 193 808 230 ostresrrorm
829 179 878 242 Ill,
898 181 928 230 'il
948 179 1007 244 (22),

205 337 295 408 itaque
310 334 423 390 liberum
440 343 482 391 est
497 336 640 405 creditori,
660 353 675 391 a
691 353 745 410 quo
761 336 840 407 velit,
856 335 972 392 solidum
989 345 1082 410 petere.
1110 339 1146 394 sel

205 437 238 476 es
257 417 373 492 epistula
393 419 445 474 divi
462 419 586 476 Hadriani
606 421 778 495 compellitur
799 421 918 478 creditor
938 438 952 475 a
974 421 1095 495 singulis,
1113 426 1148 496 qni

205 503 285 560 morlo
308 503 439 560 solvendo
460 506 514 560 sint
535 505 590 561 litis
611 513 778 562 contestatae
799 513 937 578 tempore,
959 513 1047 578 partes
1066 515 1148 578 petere.

204 587 319 661 ideoque
334 589 357 644 si
374 590 434 662 quis
450 606 482 644 ex
505 587 708 646 fideiussoribus
723 606 756 646 eo
772 599 894 664 tempore
910 588 1038 646 solvendo
1052 607 1101 646 non
1114 592 1149 660 sit,

204 673 256 728 hoc
270 679 377 728 eeteros
391 681 495 729 onerat.
526 674 574 730 sed
590 681 617 730 et
633 675 655 730 si
670 673 701 729 ab
712 691 768 732 uno
780 673 940 732 fideiussore
952 673 1067 730 creditor
1080 681 1150 729 totun

203 765 367 813 consecutus
389 757 486 829 luerit,
513 759 594 814 buius
615 759 699 816 solius
720 759 910 816 detrimentum
932 760 999 828 erit,
1023 760 1044 814 si
1060 759 1094 830 is,
1112 776 1149 832 pro

204 857 258 915 quo
280 839 427 914 fideiussit,
449 843 580 900 solvendo
596 845 716 900 nonsit:
738 852 765 900 et
780 842 830 900 sibi
846 845 979 917 imputare
994 842 1085 912 debet,
1104 859 1150 897 cun

203 929 326 1000 potuerit
337 925 456 982 adiuvari
471 944 504 984 er
519 928 636 1002 epistula
648 928 701 986 divi
715 927 839 984 llarlriaui
854 936 882 984 et
897 927 1059 997 desiderare,
1074 935 1100 982 ut
1114 943 1150 1000 pro

170 1020 186 1068 5
203 1017 278 1084 parte
294 1013 321 1067 in
337 1027 366 1066 se
382 1011 463 1068 fletur
478 1013 557 1068 actio.
577 1005 779 1068 ¹l⁷ideiussores
794 1014 831 1068 ita
847 1011 961 1086 obligari
977 1020 1151 1085 nonpossint,

204 1105 233 1150 ut
255 1096 317 1169 plus
345 1095 475 1168 debeant,
502 1113 581 1170 quarn
603 1095 683 1152 cleltet
703 1099 740 1168 is,
766 1113 818 1171 pro
839 1113 894 1169 quo
914 1095 1080 1170 obligantur:
1105 1113 1151 1150 nan

203 1195 296 1236 eornm
313 1179 442 1254 obligatio
458 1183 576 1238 accessio
589 1189 630 1236 est
645 1181 799 1254 principalis
812 1178 988 1255 obligationis
1004 1197 1052 1236 ner
1066 1180 1119 1254 plns
1131 1182 1150 1234 in

203 1265 357 1320 accessione
373 1281 433 1320 asse
448 1274 540 1339 potest
555 1282 634 1340 quam
649 1268 677 1322 in
692 1265 830 1338 principali
846 1281 884 1320 re.
917 1273 944 1322 at
960 1281 993 1320 ex
1007 1264 1116 1333 diverso,
1130 1272 1151 1317 u

203 1349 290 1404 minus
306 1348 437 1422 debeant,
454 1349 566 1424 obligari
582 1357 707 1423 possunt.
743 1351 834 1423 itaque
850 1351 872 1406 si
888 1366 952 1406 rens
968 1349 1059 1406 decem
1074 1364 1151 1404 aureos

202 1434 373 1505 promiserit,
395 1433 541 1490 lirleiussor
555 1436 583 1490 in
599 1436 719 1508 quinque
734 1443 808 1490 recte
824 1433 974 1509 obligatur:
997 1443 1089 1490 contra
1101 1448 1151 1487 vero

202 1533 257 1572 non
278 1527 370 1592 potest
391 1517 515 1593 obligari.
552 1521 617 1574 item
641 1520 663 1574 si
683 1518 729 1574 ille
752 1535 820 1592 pure
835 1520 1009 1593 promiserit,
1031 1516 1152 1574 fideiussor

201 1601 252 1656 snb
268 1602 427 1660 condicione
442 1605 603 1676 promittere
617 1610 723 1676 potest:
739 1611 832 1660 eontra
844 1620 908 1660 vero
918 1619 975 1660 non
993 1611 1089 1677 potest.
1109 1617 1150 1656 non

201 1685 290 1740 solum
306 1687 376 1740 enirn
392 1688 419 1742 in
436 1689 600 1760 quantitate,
621 1687 764 1744 sedetiam
780 1689 805 1744 iu
824 1697 947 1762 ternpore
963 1689 1053 1744 minus
1067 1695 1091 1742 et
1103 1685 1150 1760 plus

201 1769 380 1842 intellegitur.
411 1771 473 1844 plus
490 1780 532 1826 est
547 1772 616 1826 euim
632 1773 722 1826 statim
738 1771 839 1846 aliquid
855 1771 928 1840 dare,
945 1773 1036 1828 minus
1052 1779 1089 1828 est
1101 1778 1150 1844 post

168 1857 183 1906 6
201 1859 308 1924 tempus
324 1852 396 1908 dare.
442 1854 469 1910 Si
486 1853 550 1927 quid
571 1863 661 1910 autern
682 1853 826 1912 fideiussor
841 1874 890 1930 pro
906 1873 954 1912 reo
969 1857 1092 1926 solverit,
1105 1855 1148 1909 eius

168 1940 182 1988 i
201 1936 368 2010 reciperandi
388 1954 466 1994 causa
488 1937 567 1994 habet
588 1955 648 1994 cum
670 1956 703 1996 eo
725 1941 841 1998 rnanrlati
866 1941 1007 1996 iuclicium.
1054 1935 1147 1995 ²Graace

201 2017 345 2077 fideiussor
366 2023 525 2098 plerumque
550 2024 587 2078 ita
606 2025 751 2098 accipitur:
789 2029 825 2105 τῇ
851 2019 905 2104 ἐμῇ
933 2021 1031 2082 πίστει
1051 2011 1149 2098 saleio,

200 2097 290 2180 λέγω,
313 2099 393 2164 θέλω
414 2110 469 2164 sive
491 2102 654 2184 βούλομαιε
685 2109 780 2167 sedet
802 2111 825 2165 si
840 2106 919 2184 φημί
937 2109 1052 2182 eliserit,
1071 2124 1113 2183 pro
1126 2121 1150 2160 eo

167 2199 183 2248 8
201 2191 269 2259 crit,
286 2209 315 2248 ac
330 2194 353 2248 si
368 2193 466 2250 eliserit
480 2187 563 2269 λέγω.
599 2193 628 2248 ln
643 2193 863 2267 stipulationibus
879 2193 1068 2252 fideiussorum
1082 2193 1151 2248 scien·

200 2273 263 2330 rlnm
280 2285 320 2332 est
341 2277 504 2350 generaliter
524 2278 576 2334 boc
590 2279 688 2352 accipi,
711 2287 755 2351 ut,
777 2278 968 2352 quodcumque
989 2281 1112 2352 scriptum
1125 2275 1151 2328 sit

201 2361 276 2429 quasi
297 2370 402 2431 actum,
424 2361 546 2416 videatur
567 2364 646 2422 etiam
667 2371 769 2418 actum:
791 2363 908 2436 irleoque
924 2371 1048 2433 constat,
1070 2361 1150 2433 siquis

200 2457 229 2496 se
244 2445 384 2516 scripserit
400 2443 580 2517 baleiussissc,
597 2447 680 2502 virleri
696 2449 784 2504 omnia
798 2448 967 2504 sollemniter
982 2457 1050 2504 aeta.

563 2641 619 2682 um.
633 2643 690 2682 xxi
710 2643 804 2692 (xxm.

389 2744 438 2794 DE
457 2745 698 2798 LITTERARUM
717 2747 980 2799 OBLIGATIONE.

147 2873 182 2914 Pr·
265 2865 333 2922 Olim
347 2869 478 2941 scriptura
495 2866 574 2924 fiebat
590 2868 738 2943 obligatio,
760 2886 837 2944 qnae.
848 2870 1002 2926 nominibus
1025 2869 1080 2926 lieri
1094 2867 1153 2922 ‹liee-

198 2948 290 3004 batur:
312 2967 379 3022 quae
395 2953 503 3012 nomina
518 2953 598 3009 hodie
613 2971 668 3010 nou
683 2963 747 3010 sunt
767 2955 794 3010 in
810 2972 871 3011 usn.
908 2954 987 3028 plane
1003 2957 1026 3011 si
1045 2955 1102 3028 quis
1117 2951 1153 3006 tle·

198 3031 262 3088 bere
282 3049 312 3088 se
333 3037 487 3108 scripserit,
514 3038 586 3112 quoal
608 3047 777 3096 numeratum
797 3041 822 3096 ei
844 3047 974 3110 nonest,
1001 3039 1034 3096 de
1051 3035 1151 3112 pecunia

198 3117 305 3174 minime
318 3127 456 3176 numerata
471 3131 534 3195 post
550 3122 663 3178 multum
680 3125 809 3196 temporis
826 3124 1012 3197 exceptionem
1029 3133 1152 3196 opponere

197 3218 252 3257 non
273 3209 379 3276 potest:
403 3204 455 3260 hoc
470 3208 539 3262 enirn
555 3208 710 3280 saepissime
732 3209 912 3264 constitutum
933 3217 983 3264 est.
1022 3210 1058 3264 sic
1073 3204 1114 3274 fit,
1128 3209 1152 3256 ut

199 3332 401 3347 Q———o——n

267 3397 284 3455 'l
304 3401 344 3462 §5-
364 3403 388 3452 5.
408 3404 423 3452 6
441 3423 475 3444 =
494 3403 549 3453 Gai.
568 3405 593 3457 3,
625 3405 682 3452 126.
708 3406 764 3454 113.
795 3407 843 3455 tei
866 3415 923 3455 retici.
1012 3405 1031 3469 ²)
1055 3405 1152 3468 fere=

197 3463 230 3513 L.
248 3466 264 3514 8
280 3483 322 3528 pr.
340 3469 371 3518 ll.
391 3471 422 3520 de
436 3472 506 3532 fidei.
527 3471 577 3534 (to,
600 3469 622 3529 l)
641 3487 675 3519 ear
696 3471 751 3534 Uip.
771 3475 785 3521 l.
805 3475 837 3522 47
856 3476 892 3523 ad
909 3472 969 3527 Sal.
