2484 3916
176 192 217 255 74
370 206 405 242 nu
424 203 579 240 rorruosur
599 201 825 238 spasmo-orions
843 188 881 254 11,
903 190 941 238 16.
1023 239 1027 250 ,

113 390 119 400 ,
174 351 253 405 heres
269 348 443 405 substitutus.
478 363 538 402 nam
555 343 675 401 moribus
690 346 845 400 institutum
860 352 919 416 est,
940 354 987 415 ut,
1008 361 1072 400 oum
1087 345 1151 400 eius

175 435 269 489 aetatis
285 441 363 504 sunt,
384 434 413 488 in
428 448 480 504 qua
501 431 553 504 ipsi
567 429 619 486 sibi
633 437 825 486 testamentum
841 428 929 486 lacere
944 445 1000 484 non
1015 439 1150 502 possunt,

142 533 156 580 1
174 524 300 591 parentes
322 519 360 573 eis
381 516 487 572 faciant.
525 513 582 582 Qua
602 514 707 570 ratione
728 515 851 584 excitati,
872 514 952 569 etiam
969 514 1151 570 constitutio-

174 594 256 656 nem¹
275 603 414 658 innostro
435 601 575 674 posuimus
591 597 699 668 codiee,
722 614 774 672 qua
787 605 963 672 prospectum
979 606 1037 670 est,
1060 608 1109 670 ut,
1127 601 1150 654 si

174 694 266 742 ruente
281 694 374 761 eaptos
389 684 505 741 habeant
524 683 594 740 illios
611 683 652 738 vel
674 691 787 756 nepotes
798 682 845 738 ·vel
865 689 1033 756 pronepotes
1055 685 1151 739 cuius·

175 786 291 844 eumque
312 787 393 826 sexus
413 769 457 826 vel
477 769 593 844 gradus,
620 767 697 822 liceat
719 769 773 838 eis,
802 768 853 823 etsi
878 765 994 840 puberes
1015 769 1087 838 sint,
1116 767 1150 824 ad

175 855 326 928 exemplum
342 854 482 929 pupillaris
497 852 699 910 substitutionis
714 860 801 913 certas
816 867 947 924 personas
962 851 1150 908 substituere:

175 940 217 994 sin
232 946 323 995 autem
337 939 517 1012 resipuerint,
533 937 643 994 eandem
655 935 876 993 substitutionem
888 933 1032 1007 infirmari,
1049 943 1078 992 et
1094 937 1150 994 hoo

175 1022 208 1078 ad
224 1023 375 1097 exemplum
393 1022 532 1096 pupillaris
548 1021 765 1092 substitutionis,
788 1037 873 1094 quae,
895 1027 1040 1094 postquam
1055 1021 1149 1094 pupil-

141 1106 217 1162 2lus
239 1107 401 1178 adoleverit,
424 1104 583 1163 infirmatur.
628 1097 735 1179 ²lgitur
754 1107 782 1162 in
802 1104 929 1178 pupillari
948 1103 1148 1162 substitutione

174 1190 322 1246 seeundum
345 1191 495 1264 praelatum
516 1189 625 1247 modum
641 1189 762 1246 ordinata
783 1189 837 1246 duo
858 1188 1060 1262 quodammodo
1080 1201 1148 1248 sunt

174 1282 349 1347 testamenta,
364 1275 478 1332 alterurn
490 1276 590 1348 patris,
606 1275 721 1330 alterum
736 1273 799 1344 filii,
815 1281 950 1347 tamquam
962 1275 985 1330 si
1000 1275 1061 1348 ipse
1073 1273 1146 1332 filius

175 1357 225 1414 sibi
248 1359 375 1416 heredem
401 1361 578 1416 instituisset:
605 1366 651 1414 aut
676 1366 750 1414 certe
776 1373 860 1414 unum
882 1366 924 1414 est
949 1366 1147 1416 testamentum

141 1445 156 1493 3
175 1442 288 1500 (inarum
309 1461 463 1516 causarum,
484 1443 511 1499 id
534 1452 576 1500 est
598 1441 710 1498 duarum
730 1442 919 1500 hereditatum.
962 1437 1027 1498 ³Sin
1053 1453 1147 1502 autem

175 1529 235 1602 quis
250 1530 288 1584 ita
303 1529 496 1586 formidolosus
511 1530 557 1600 sit,
573 1537 604 1584 ut
619 1529 737 1600 timeret,
753 1544 787 1584 ne
802 1525 873 1583 filius
889 1529 947 1584 eius
962 1527 1083 1601 pupillus
1094 1529 1146 1584 -ad-

175 1614 228 1669 buo
244 1630 276 1669 ex
291 1630 341 1684 eo,
363 1613 435 1686 quod
451 1613 537 1686 palam
552 1613 729 1670 substitutum
746 1613 863 1686 aceepit,
886 1619 949 1686 post
965 1610 1070 1668 obitum
1085 1615 1144 1670 eius

173 1697 297 1770 periculo
311 1696 469 1752 insidiarum
484 1696 669 1754 subiceretur:
693 1696 832 1771 vulgarem
847 1696 955 1770 quidem
971 1695 1145 1754 substitutio·

174 1796 235 1835 nem
252 1779 337 1853 palam
354 1780 441 1836 iacere
457 1787 484 1836 et
499 1782 527 1835 in
542 1781 635 1853 primis
651 1783 805 1836 testamenti
820 1780 941 1855 partibus
956 1780 1054 1853 debet,
1068 1782 1143 1848 illam

175 1871 264 1918 autem
279 1862 519 1935 substitutionem,
539 1881 589 1938 per
609 1881 688 1938 quam
704 1867 768 1920 etsi
785 1865 864 1921 heres
881 1867 1000 1922 estiterit
1021 1865 1143 1939 pupillus

174 1955 201 2002 et
213 1949 284 2003 intra
298 1946 468 2021 pubertatem
484 1947 647 2020 decesserit,
668 1947 833 2005 substitutus
849 1957 975 2020 vooatur,
998 1953 1141 2023 separatim

172 2033 200 2088 iu
220 2031 394 2088 inferioribus
414 2032 536 2106 partibus
558 2032 675 2090 seribere
696 2049 809 2107 eamque
830 2043 933 2107 partem
954 2035 1067 2108 proprio
1084 2034 1142 2090 lino

173 2118 337 2192 propriaque
347 2134 409 2174 aera
420 2119 580 2192 consignare
592 2126 620 2174 et
634 2119 662 2173 in
677 2119 767 2191 priore
779 2126 855 2192 parte
867 2119 1021 2174 testamenti
1036 2135 1142 2190 cavere,

172 2219 207 2258 ne
222 2201 365 2258 inferiores
387 2201 492 2259 tabulae
513 2205 573 2259 vivo
595 2201 651 2258 filio
667 2209 694 2258 et
710 2201 798 2258 adhue
817 2201 954 2276 impubere
975 2204 1140 2276 aperiantur.

171 2286 239 2342 illud
253 2286 339 2358 palam
355 2295 412 2358 est,
432 2303 488 2342 non
503 2286 563 2342 ideo
579 2289 667 2342 minus
682 2287 770 2342 valere
785 2285 1006 2342 substitutionem
1021 2287 1143 2361 impube-

172 2371 210 2424 ris
226 2368 289 2439 lilii,
306 2369 379 2442 quod
394 2371 422 2424 in
437 2369 531 2425 iisdem
545 2369 644 2426 tabulis
659 2372 760 2444 scripta
774 2372 825 2442 sit,
847 2370 943 2444 quibus
959 2369 1010 2426 slbi
1025 2373 1140 2446 quisque

172 2452 301 2508 heredem
326 2453 505 2523 instituisset,
537 2455 655 2525 quamvis
679 2455 731 2511 hoo
756 2455 860 2529 pupillo
886 2455 1068 2529 periculosum
1093 2457 1138 2511 sit.

138 2531 156 2578 4
173 2529 251 2592 ⁴¹Non
267 2537 356 2592 solum
372 2544 462 2592 autem
476 2535 621 2594 heredibus
636 2540 769 2594 institutis
791 2539 974 2614 impuberibus
995 2539 1086 2596 liberis
1104 2541 1140 2596 ita

172 2620 339 2678 substituere
352 2628 479 2694 parentes
493 2629 624 2694 possunt,
647 2631 678 2678 ut
692 2631 719 2679 et
735 2625 758 2680 si
775 2623 890 2680 heredes
906 2625 944 2680 eis
960 2626 1098 2680 extiterint
1114 2633 1142 2680 et

172 2714 235 2762 ante
250 2705 419 2780 pubertatem
435 2707 536 2762 mortui
550 2705 667 2778 luerint,
683 2709 719 2762 sit
734 2709 772 2763 eis
789 2707 867 2764 heres
882 2710 915 2781 is,
932 2725 1012 2782 quem
1026 2710 1079 2782 ipsi
1093 2725 1140 2765 vo-

171 2791 288 2863 luerint,
310 2790 358 2847 sed
374 2791 453 2846 etiam
469 2790 647 2847 exheredatis.
684 2794 775 2864 itaque
790 2809 823 2848 eo
838 2809 903 2849 casu
917 2794 940 2849 si
956 2793 1020 2867 quid
1035 2793 1140 2868 pupillo

172 2892 205 2931 ex
221 2874 414 2931 hereditatibus
425 2874 556 2948 legatisve
567 2883 613 2932 aut
624 2875 814 2932 donationibus
830 2879 1047 2951 propinquorum
1060 2887 1140 2952 atque

171 2960 319 3014 amicorum
333 2958 496 3032 adquisitum
513 2959 604 3033 luerit,
620 2960 647 3016 id
659 2977 739 3016 omne
753 2961 786 3016 ad
801 2961 979 3018 substitutum
990 2955 1140 3036 pertinet.5

171 3059 356 3116 quaecumque
384 3043 497 3100 diximus
524 3044 557 3100 de
578 3043 772 3102 substitutione
797 3045 967 3120 impuberum
992 3045 1138 3114 liberorum

239 3272 260 3340 ¹)
279 3277 311 3325 L.
332 3277 356 3326 9.
374 3276 403 3326 0.
423 3278 455 3326 de
472 3276 564 3340 impnb.
584 3284 609 3325 et
627 3278 684 3326 aliis
703 3277 736 3341 (6,
755 3277 807 3339 26).
877 3277 897 3341 ²)
914 3280 972 3342 fere
990 3300 1024 3320 =
1043 3279 1098 3333 Gai.
1113 3282 1137 3340 2,

173 3343 223 3392 180
240 3346 305 3393 med.
375 3341 715 3405 ³)=Gat.2,181mua.
787 3343 933 3408 4)sera=
954 3347 1009 3398 Gai.
1029 3349 1059 3410 2,
1079 3347 1137 3400 182.

173 3410 233 3458 183.
319 3409 339 3473 5)
357 3412 395 3460 sie
413 3413 514 3476 quidam
536 3412 611 3462 codd.
629 3411 707 3472 inser.
725 3426 779 3461 eom
798 3412 862 3463 Gaio
881 3421 906 3462 et
928 3413 1040 3478 Tbeopb.
1060 3405 1138 3465 losd-

171 3488 250 3525 σεται
267 3477 408 3541 pertineat
424 3479 500 3528 oodd.
519 3485 568 3528 vet.
588 3479 646 3528 edd.
666 3479 741 3529 Salar.
761 3485 787 3529 et
805 3479 854 3529 Kr.
