2484 3916
125 217 175 261 coa
195 216 300 260 comus
319 217 356 252 ax
374 215 473 252 causas
492 215 697 253 nanourrrsan
720 215 777 252 non
796 215 920 252 roesunr
932 202 955 265 1,
968 204 992 252 6.
1038 199 1058 264 9

91 357 189 415 fiebant
209 374 242 414 es
262 357 325 432 lege
340 358 414 414 Aelia
434 357 526 414 Seutia
555 357 745 414 dediticiorum
765 375 888 414 numero.
920 359 968 414 sed
985 359 1058 415 dedi-

90 445 214 500 ticionum
230 442 338 516 quidem
360 445 477 516 pessima
497 441 620 498 condicio
640 444 692 500 iam
718 458 751 498 en
777 443 869 499 multis
886 441 1055 517 temporibus

89 530 114 582 in
129 527 337 583 desuetudinem
358 525 438 598 abiit,
459 525 616 583 Latinorum
638 543 703 582 vero
718 543 817 583 nomen
832 543 888 584 non
904 527 1058 601 frequenta-

90 611 181 667 batur:
207 611 325 685 ideoque
345 619 438 667 nostra
459 613 561 686 pietas,
589 613 678 668 omnia
699 627 799 686 angere
821 620 849 667 ct
871 614 898 668 in
914 612 1055 668 meliorem

90 705 188 752 statum
208 695 339 752 reducere
360 695 533 767 desiderans,
553 697 581 752 in
603 695 706 752 duabus
728 689 989 752 constitutionibus¹
1006 698 1058 753 boc

90 780 239 838 emendavit
265 787 293 836 et
313 781 341 836 in
362 782 507 854 pristinum
529 788 629 836 statum
651 779 775 852 reduxit,
802 782 865 854 quia
885 789 913 836 et
934 782 1057 854 aprimis

89 865 162 921 urbis
176 864 275 920 Romae
291 863 431 921 cunabulis
447 881 499 920 una
524 873 606 938 atque
621 864 736 939 simplex
750 863 860 922 libertas
876 865 1057 938 competebat,

89 949 115 1004 id
135 957 177 1005 est
197 949 306 1020 eadem,
335 965 414 1024 quam
437 948 550 1006 habebat
571 950 766 1020 manumissor,
787 949 839 1005 nisi
860 949 934 1023 quod
955 949 1059 1006 scilicet

89 1032 229 1089 libertinus
250 1026 321 1105 sit,²
343 1035 389 1106 qui
409 1035 622 1106 manumittitur,
644 1034 708 1090 licet
728 1035 908 1090 manumissor
922 1035 1057 1108 ingenuus

89 1119 131 1174 sit.
164 1125 191 1173 et
205 1117 347 1184 dediticios
363 1117 473 1191 quidem
488 1135 537 1194 per
551 1120 777 1176 constitutionem
792 1118 959 1192 expulimus,
976 1135 1055 1192 quam

88 1201 318 1276 promulgavimus
333 1203 405 1258 inter
419 1210 527 1258 nostras
543 1203 711 1275 decisiones,
726 1219 776 1277 per
791 1219 873 1277 quas,
889 1211 1056 1278 suggerente

23 1347 30 1351 ..
89 1285 165 1342 rrobis
182 1285 360 1358 Triboniano,
376 1287 434 1342 viro
450 1287 575 1358 excelso,
591 1295 753 1362 quaestore,
776 1289 879 1361 antiqui
894 1290 960 1344 iuris
976 1288 1056 1344 alter·

90 1373 209 1427 cationes
223 1370 400 1444 placavimus:
416 1370 526 1428 Latinos
542 1380 632 1428 autem
648 1371 774 1428 lunianos
797 1381 824 1428 et
842 1389 964 1443 omnem,
987 1389 1056 1446 quae

90 1456 157 1511 circa
170 1471 223 1527 eos
235 1455 339 1527 luerat,
364 1455 560 1512 observantiam
581 1457 631 1512 alia
652 1458 850 1512 constitutione
870 1473 920 1530 per
935 1457 1055 1512 eiusdem

90 1541 240 1612 quaestoris
267 1543 474 1615 suggestionem
498 1541 682 1612 correximus,
709 1557 778 1614 quae
803 1542 876 1596 inter
900 1539 1054 1613 imperiales

24 1673 26 1680 χ
90 1624 172 1680 radiat
187 1627 355 1696 sanctiones,
379 1633 407 1681 ct
422 1623 515 1682 omnes
531 1625 660 1697 libertos,
684 1625 760 1681 nullo
783 1641 833 1682 nec
853 1626 948 1680 aetatis
964 1639 1056 1680 manu·

91 1711 162 1764 missi
182 1725 233 1765 nec
258 1709 370 1765 dominii
389 1711 592 1766 manumissoris
617 1727 668 1766 nec
691 1712 719 1766 in
743 1710 959 1766 manumissionis
975 1708 1056 1765 modo

91 1791 242 1850 discrimine
257 1793 364 1866 habito,
386 1795 466 1850 sicuti
487 1803 564 1851 antea
587 1794 796 1867 observabatur,
817 1796 924 1851 civitate
939 1793 1056 1850 Romana

91 1877 260 1934 donavimus:
275 1879 368 1934 multis
381 1877 475 1935 additis
492 1879 589 1954 modis,
605 1895 655 1954 per
667 1897 737 1955 qnos
749 1881 838 1955 possit
849 1878 958 1936 libertas
971 1880 1055 1934 servis

91 1979 148 2019 cum
164 1963 273 2019 civitate
287 1963 424 2035 Romana,
441 1979 509 2038 quae
525 1965 583 2020 sola
598 1965 777 2039 inpraesenti
793 1972 850 2036 cst,
872 1965 1011 2037 praestari.

515 2177 571 2218 tun.
584 2177 624 2218 VI.

157 2263 221 2328 QUI
240 2261 393 2326 tamnus
410 2263 461 2312 EX
480 2261 608 2314 CAUSIS
620 2261 893 2314 Monuniunnnn
912 2261 988 2312 NON

482 2347 659 2400 POSSUNT.

154 2466 238 2527 ⁴llon
253 2479 343 2526 tamen
358 2473 510 2544 cuicunque
526 2471 627 2526 volenti
641 2471 829 2526 manumittere
844 2469 916 2525 licet.
945 2485 1004 2524 nam
1019 2471 1053 2540 is,
1072 2485 1108 2524 Pr.

25 2601 26 2606 ,
95 2555 138 2625 qui
160 2555 188 2610 in
208 2555 330 2611 fraudem
352 2554 516 2610 creditorum
537 2556 719 2626 manumittit,
744 2554 811 2610 nibil
836 2556 908 2628 agit,
936 2555 998 2626 quia
1013 2553 1056 2610 lex

96 2638 163 2694 Aelia
183 2639 274 2696 Sentia
294 2639 406 2713 impedit
427 2638 588 2695 libertatem.
632 2635 731 2695 ⁵Licet
752 2647 841 2694 autem
861 2638 987 2708 domino,
1010 2640 1056 2710 qni
1076 2639 1088 2686 l

97 2723 218 2781 solvendo
234 2741 290 2780 non
306 2731 363 2795 est,
380 2731 543 2780 testamento
564 2739 672 2780 servum
693 2739 773 2779 suum
794 2739 854 2778 cnm
869 2721 994 2778 libertate
1009 2723 1056 2776 he-

98 2807 179 2864 redem
194 2811 354 2879 instituere,
371 2817 401 2865 ut
416 2806 461 2864 liat
477 2807 545 2864 liber
556 2808 691 2882 heresque
706 2810 732 2864 ei
743 2807 819 2864 solus
835 2815 862 2862 et
877 2807 1056 2877 necessarius,

99 2891 207 2950 simodo
223 2910 303 2950 nemo
320 2893 387 2950 alius
403 2909 484 2950 exeo
500 2895 664 2949 testamento
681 2893 760 2949 heres
776 2893 912 2962 extiterit,
934 2899 980 2946 aut
995 2893 1057 2965 quia

99 2991 168 3032 nemo
183 2978 260 3034 heres
276 2980 393 3052 scriptus
409 2979 461 3048 sit,
477 2986 523 3034 aut
535 2979 597 3052 quia
611 2980 651 3050 is,
667 2979 714 3051 qni
728 2979 846 3052 scriptus
862 2985 921 3047 est,
938 2975 1057 3049 qualibet

100 3073 128 3112 cn
141 3077 215 3118 causa
230 3063 310 3118 heres
332 3080 388 3118 non
410 3065 540 3119 extiterit.
578 3062 661 3136 idque
683 3061 776 3118 eadem
797 3061 859 3136 lege
875 3061 949 3118 Aelia
965 3061 1057 3116 Sentia

100 3146 226 3213 provisum
248 3154 306 3219 est,
333 3155 360 3204 et
381 3154 469 3203 recte:
495 3147 573 3203 valde
594 3149 666 3203 enim
686 3145 906 3220 prospiciendum
927 3153 1000 3215 erat,
1027 3153 1057 3200 ut

100 3273 290 3286 Ἣ

159 3357 178 3428 ¹)
195 3363 228 3414 L.
246 3379 288 3413 an.
310 3363 337 3414 G.
357 3365 389 3413 de
403 3364 482 3416 dedit.
502 3363 544 3413 tat.
564 3365 617 3416 toll.
636 3361 672 3426 (⁷,
685 3363 713 3427 5)
731 3363 764 3412 L.
779 3377 821 3410 an.
835 3359 864 3410 0.
884 3361 917 3410 de
934 3361 994 3410 Lat.
1013 3358 1056 3410 tit.

100 3429 144 3480 toll.
163 3429 196 3492 (7,
215 3430 253 3495 6).
324 3430 346 3496 ²)
364 3433 402 3480 sic
419 3431 445 3480 Ε
463 3437 488 3480 et
504 3431 615 3495 Theopd.
635 3430 667 3481 fit
679 3429 704 3480 B
723 3431 763 3483 ed.
777 3429 829 3478 Kr.
881 3423 904 3492 ³)
921 3431 959 3476 sic
976 3427 1057 3474 indens

102 3494 290 3561 tquaean.
359 3495 381 3564 Α)
400 3519 433 3539 =
453 3498 510 3548 aas.
531 3502 553 3559 1,
572 3499 673 3551 oasa
726 3498 746 3560 5)
767 3497 807 3558 cf.
821 3495 884 3549 ,aaa
905 3496 928 3550 1,
947 3495 987 3542 m.
1002 3494 1054 3541 21³.
