2484 3916
208 243 554 280 uuarrourconnrssanrrs
574 245 803 284 connumerans
821 234 858 297 ΙΙ,
877 236 918 284 23.
1010 233 1051 298 93

78 403 175 444 eorum
190 386 278 442 iactus
294 395 347 457 est,
365 393 393 441 ut
408 385 536 460 paulatim
549 387 628 445 ctiam
643 395 753 461 praetor
763 390 891 463 proprius
903 399 1050 462 crearetur,

77 472 124 546 qui
141 469 357 528 fideicommissis
373 472 415 526 ius
436 470 552 543 diceret,
574 487 654 544 quem
671 470 945 530 fideicommissariam
961 475 1052 550 appel·

77 552 195 612 labant.''

142 633 286 714 ¹lnprimis
302 631 387 714 igitur
401 639 539 696 sciendum
556 647 613 712 cst,
636 657 704 715 opus
721 658 796 713 esse,
817 649 847 698 ut
862 643 957 718 aliquis
973 652 1049 700 recto
1068 656 1084 703 2

76 727 136 782 iure
151 731 317 780 testamento
333 725 412 781 heres
428 726 587 782 instituatur
598 725 711 800 eiusque
726 723 789 781 fidei
804 727 1003 800 committatur,
1021 737 1051 784 ut

76 827 135 866 eam
152 808 330 867 hereditatem
340 809 385 866 alii
400 810 540 866 restituat:
557 809 677 883 alioquin
687 810 784 866 inutile
795 819 837 866 est
850 819 1050 884 testamentum,

76 896 104 950 in
126 909 182 968 quo
204 909 284 950 nemo
306 894 386 950 heres
400 895 561 952 instituitur.
598 911 658 950 cum
679 896 764 969 igitur
785 895 881 970 aliquis
897 897 1050 970 scripserit:

76 994 193 1038 nucius
209 993 317 1038 numus
332 993 434 1036 uncus
449 993 541 1051 narn,
557 980 659 1053 poterit
674 979 793 1036 adicere:
809 996 894 1039 noco
911 998 960 1052 ru,
977 997 1051 1040 uuor

77 1079 162 1133 uum,
180 1079 237 1134 or,
260 1079 323 1121 cun
337 1079 459 1122 nuruum
473 1078 583 1121 roseas
598 1080 823 1122 nunnmrarnu
839 1081 928 1122 munna
942 1081 1050 1135 norun,

75 1163 142 1204 unu
158 1163 235 1205 omo
251 1161 322 1206 saun
337 1164 477 1219 usuum,
501 1163 685 1208 nusrrrnas.
722 1155 918 1224 potestantem
935 1151 1050 1224 quisque

76 1231 160 1288 etde
179 1237 258 1306 parte
278 1231 446 1288 restituenda
467 1233 593 1288 heredem
615 1249 729 1308 rogare:
756 1241 782 1289 et
810 1232 923 1290 liberum
945 1241 987 1290 est
1008 1233 1050 1290 vel

76 1333 148 1390 pure
163 1315 204 1374 vel
224 1315 275 1372 sub
291 1307 450 1374 condicione
469 1317 625 1390 relinquere
645 1315 881 1374 fideicommissum
897 1318 939 1374 vel
955 1335 986 1374 ex
1008 1318 1050 1374 die

76 1406 167 1457 certo.

143 1483 277 1542 Restituta
292 1493 381 1542 autem
396 1485 562 1556 hereditate,
578 1487 600 1541 is
617 1485 741 1558 quidem,
757 1488 804 1559 qui
819 1487 950 1556 restituit,
965 1485 1049 1540 nihilo
1069 1498 1084 1542 3

75 1571 168 1626 miuus
186 1569 265 1626 heres
286 1578 440 1644 permanet:
461 1571 580 1641 isvero,
601 1571 649 1643 qui
668 1571 765 1644 recipit
786 1571 980 1640 hereditatem,
1002 1569 1049 1625 ali·
1118 1606 1121 1612 ,

74 1653 187 1729 quando
211 1653 317 1712 heredis
338 1653 482 1728 aliquando
498 1653 619 1729 legatarii
640 1653 701 1710 loco
717 1653 874 1711 habebatur.
909 1653 942 1709 Et
957 1656 984 1710 in
999 1653 1051 1710 Ne·
1068 1665 1084 1712 4

75 1739 154 1794 ronis
176 1738 285 1812 quidem
306 1737 474 1812 temporibus
496 1737 630 1794 Trebellio
645 1738 758 1795 Maximo
780 1747 808 1795 et
823 1739 932 1796 Annaeo
948 1737 1052 1796 Seneca

74 1821 236 1880 cousuhbus
258 1823 523 1878 senatusconsultum
539 1821 638 1879 iactum
656 1832 714 1896 est,
739 1841 793 1898 quo
808 1832 915 1880 cautum
931 1832 988 1896 est,
1011 1833 1050 1892 nt,

72 1909 99 1964 si
121 1899 186 1963 cui²
208 1906 343 1964 hereditas
365 1924 397 1962 er
418 1905 618 1964 fideicommissi
641 1924 720 1964 cansa
742 1909 867 1964 restituta
882 1909 934 1979 sit,
957 1923 1050 1964 omnes

73 1994 215 2063 actiones,
232 2007 302 2065 quae
315 1992 374 2047 iure
389 1991 460 2048 civili
476 1991 570 2048 heredi
585 1999 612 2047 et
628 1993 655 2048 in
670 1992 798 2048 heredem
813 2000 1010 2066 competerent,
1026 1993 1051 2047 ei

73 2085 106 2132 et
120 2078 149 2132 in
165 2092 227 2132 eum
243 2075 387 2153 darentur,
407 2077 450 2132 cui
467 2093 499 2132 en
514 2073 722 2132 fideicommisso
737 2077 864 2132 restituta
878 2083 952 2132 esset
972 2076 1051 2131 here-

73 2162 159 2216 ditas.
189 2169 259 2234 'post
280 2161 354 2234 quod
375 2159 642 2217 senatusconsultum
662 2167 774 2234 praetor
794 2159 875 2216 utiles
890 2161 1010 2215 actiones
1026 2161 1051 2214 ei

72 2247 148 2302 etin
163 2261 237 2316 eum,
254 2247 301 2320 qui
314 2246 418 2322 recepit
433 2244 621 2315 hereditatem,
640 2245 715 2318 quasi
730 2243 823 2300 heredi
838 2251 866 2300 et
880 2245 908 2299 in
923 2242 1051 2298 heredem

74 2331 142 2387 dare
158 2331 259 2404 coepit.
295 2329 348 2386 Sed
371 2331 433 2404 quia
448 2328 562 2385 heredes
576 2329 686 2402 scripti,
709 2345 770 2384 oum
785 2336 832 2384 aut
847 2336 931 2384 totam
946 2327 1051 2384 heredi·
1069 2341 1085 2388 5

73 2422 161 2470 tatem
177 2421 225 2470 aut
239 2431 325 2488 paene
341 2423 426 2470 totam
440 2413 601 2488 plerumque
615 2414 761 2476 restituere
775 2413 957 2487 rogabantm,
978 2410 1051 2468 adire

73 2499 258 2555 hereditatem
274 2497 308 2554 ob
324 2499 428 2554 nullum
444 2497 486 2554 vel
503 2499 642 2554 minimum
663 2497 769 2554 lucrum
787 2497 949 2554 recusabant
969 2505 1050 2570 atque

73 2583 114 2639 ob
129 2583 158 2638 id
174 2582 403 2658 extinguebantur
418 2581 636 2644 fideicommissa;
653 2591 749 2656 postea
765 2582 918 2655 Vespasiani
933 2583 1052 2656 Augusti

72 2665 248 2742 temporibus
269 2667 375 2742 Pegaso
394 2675 423 2723 et
442 2665 560 2724 Pusione
580 2665 737 2724 consulibus
754 2674 863 2722 senatus
879 2667 1000 2737 censuit,
1021 2673 1051 2719 ut

74 2753 119 2822 ei,
141 2754 189 2824 qui
210 2759 323 2826 rogatus
344 2759 417 2808 esset
439 2751 616 2808 hereditatem
637 2753 798 2821 restituere,
823 2749 935 2824 perinde
957 2749 1052 2806 liceret

74 2845 204 2911 quartam
219 2846 322 2911 partem
334 2825 463 2908 retinere,
478 2843 559 2910 atque
573 2834 636 2908 lege
647 2834 761 2892 Falcidia
775 2851 807 2891 ex
822 2833 919 2909 legatis
934 2834 1052 2890 retinere

71 2921 248 2978 conceditur.
272 2937 303 2976 ea
315 2921 430 2996 siugulis
443 2936 552 2995 quoque
564 2918 656 2992 rebus,
672 2936 740 2994 quae
754 2936 805 2994 per
815 2917 1052 2976 fideicommissum

72 3005 284 3080 relinquuntur,
299 3005 393 3061 eadem
407 3006 525 3062 retentio
539 3005 671 3079 permissa
679 3011 731 3060 est.
760 3011 825 3078 post
840 3003 914 3078 quod
928 3011 1053 3059 senatus·

75 3090 237 3146 consultum
258 3091 318 3164 ipse
332 3090 412 3146 heres
428 3105 510 3146 onera
525 3087 686 3146 hereditaria
700 3087 864 3144 sustinebat:
887 3087 933 3144 ille
950 3096 1050 3157 autern,

76 3175 127 3248 qui
143 3191 176 3230 ex
191 3171 400 3232 fideicommissa
416 3175 519 3248 recepit
539 3181 642 3249 partem
658 3173 830 3244 hereditatis,
850 3173 975 3247 legatarii
989 3187 1051 3246 par·

75 3259 152 3315 tiarii
166 3259 229 3316 loco
245 3267 319 3331 erat,
340 3258 367 3316 id
389 3266 431 3316 est
445 3260 503 3315 eius
517 3258 656 3334 legatarii,
680 3259 724 3314 cui
743 3274 806 3333 pars
825 3256 959 3313 bonorum
977 3255 1051 3329 lega-

153 3457 172 3522 1)
191 3461 232 3522 ξς.
250 3459 333 3510 2...6
350 3459 408 3519 fere
425 3478 458 3498 =
478 3458 534 3510 Gai.
553 3459 581 3514 2,
600 3459 659 3507 248.
678 3458 736 3506 250.
755 3457 814 3506 251.
833 3455 910 3504 253..
922 3455 992 3506 ⁸258.
1028 3452 1048 3515 ²)

70 3527 142 3577 aar.
164 3527 274 3591 Tdenph
294 3528 338 3576 cui
356 3541 402 3576 om.
421 3527 495 3578 codd.
515 3526 573 3575 edd.
594 3523 667 3577 Schr.
687 3531 712 3574 et
728 3523 779 3574 Kr.
