2484 3916
215 245 220 260 ‚
301 217 339 258 nn,
356 216 511 252 curionem
533 217 759 256 sussrrrurronc
777 206 815 269 Il,
835 207 875 258 16.
1030 205 1070 270 73

98 375 165 433 quas
181 359 209 414 in
224 359 397 414 institutione
412 361 560 434 expressit:
577 367 605 415 et
619 361 656 416 ito
669 360 746 416 divus
757 359 821 417 Pius
836 364 985 436 rescripsit.
1016 362 1070 419 Sed
1087 375 1104 426 3

96 445 120 500 si
135 444 264 500 instituto
279 443 373 500 heredi
388 451 416 500 et
431 443 559 500 coheredi
574 461 625 500 sno
641 444 790 502 substituto
807 446 871 502 dato
887 445 954 502 alins
970 446 1070 503 substi-

98 537 175 585 tutus
190 528 289 598 fuerit,
305 527 359 584 diri
370 526 486 584 Severus
501 535 529 584 et
540 529 694 586 Antoninus
710 531 768 585 sine
783 530 958 588 distinctione
972 533 1070 588 rescri-

96 620 228 688 pserunt,
251 612 284 670 ad
298 620 441 686 utramque
455 620 559 688 partem
574 613 753 670 substitutum
768 613 882 671 admitti.
918 615 947 672 Si
961 632 1070 673 servum
1086 618 1104 668 4

98 699 214 754 alienum
236 699 297 771 quis
316 697 536 771 patremfamilias
551 697 711 770 arbitratus,
733 698 861 756 heredem
875 702 1016 774 scripserit
1030 709 1069 772 et,

97 784 120 838 is
135 783 215 837 heres
230 797 286 838 non
302 789 392 854 esset,
413 781 542 839 licerium
557 784 583 838 ei
602 782 776 840 substituerit
790 785 869 856 isque
883 799 978 842 servus
992 786 1069 842 iussu

98 867 200 923 domini
215 865 311 922 adierit
325 866 519 938 hereditatem,
537 866 653 924 Maevius
668 870 696 924 in
710 875 816 944 partem
831 867 993 926 admittitur.
1023 869 1070 925 illa

99 953 170 1008 enim
191 948 272 1006 verba
294 966 324 1008 sr
338 963 446 1008 'nuens
465 967 529 1010 non
543 968 617 1010 niun
637 954 665 1010 ixx
681 969 713 1010 eo
736 952 860 1027 quidem,
884 970 966 1028 quem
980 952 1068 1009 alieno

98 1037 152 1091 iuri
178 1034 330 1092 subiectum
352 1051 412 1092 esse
434 1043 551 1092 testator
571 1038 638 1109 scit,
664 1039 704 1094 sic
725 1039 908 1112 accipiuntur:
935 1039 1069 1110 sineque

96 1122 157 1194 ipse
171 1119 251 1176 heres
262 1121 315 1176 erit
325 1135 415 1194 neque
425 1120 507 1176 alium
522 1121 650 1178 heredem
662 1122 795 1179 effecerit:
810 1123 839 1178 in
851 1139 884 1180 eo
896 1139 972 1194 vero,
989 1137 1070 1195 quem

96 1202 316 1278 patremfamilias
346 1200 412 1277 essej
433 1204 595 1277 arbitratur,
621 1206 688 1262 illud
719 1205 888 1281 significant:
913 1209 937 1263 si
962 1205 1070 1262 bmedi·

98 1296 182 1344 tatem
196 1287 246 1344 sibi
261 1290 334 1360 eive,
355 1289 432 1346 cuius
447 1291 499 1346 iuri
514 1297 610 1364 postea
624 1289 762 1349 subiectus
777 1308 838 1348 esse
854 1293 992 1366 coeperit,
1014 1307 1069 1348 non

97 1373 264 1447 adquisierit.
297 1367 396 1448 ¹idque
411 1366 552 1430 'liberius²
567 1374 663 1431 Caesar
677 1377 705 1432 in
720 1392 836 1451 persona
846 1375 984 1432 Parthenii
998 1376 1069 1432 servi

98 1458 144 1513 sui
160 1459 309 1514 constituit.
513 1463 517 1470 '

517 1654 573 1696 utu.
587 1655 650 1696 xvi.

284 1757 335 1808 DE
353 1717 558 1810 PUPILLARl
576 1759 882 1811 SUBSTITUTIONE.

163 1873 283 1936 3Liberis
303 1881 360 1936 suis
374 1879 573 1954 impuberibus,
597 1899 667 1956 quos
687 1883 715 1940 in
735 1889 871 1957 potestate
893 1885 954 1958 quis
976 1881 1067 1954 babet,
1083 1893 1119 1934 ex.

93 1982 153 2022 non
169 1964 259 2022 solum
274 1966 326 2036 ita,
343 1972 374 2020 ut
388 1965 611 2038 supradiximus,
627 1965 794 2024 substituere
809 1967 917 2041 potest,
933 1967 1015 2024 idest
1028 1974 1068 2038 ut,

93 2051 119 2106 si
135 2048 251 2106 heredes
266 2050 291 2104 ei
305 2065 361 2105 non
376 2051 532 2121 extiterint,
552 2050 620 2106 alios
635 2052 660 2106 ei
674 2053 711 2108 sit
726 2052 821 2122 heres,
842 2052 890 2107 sed
906 2067 939 2107 eo
955 2051 1069 2123 amplius

95 2142 128 2190 ut
143 2143 186 2205 et,
208 2133 231 2190 si
253 2133 367 2190 heredes
382 2135 407 2189 ei
421 2135 562 2190 extiterint
576 2141 605 2190 et
619 2134 708 2190 adhuc
723 2133 878 2207 impuberes
893 2135 995 2190 mortui
1010 2133 1069 2189 lue-

93 2221 167 2290 rint,
194 2220 232 2274 sit
252 2219 291 2274 eis
311 2217 409 2292 aliquis
435 2219 524 2274 heres.
569 2217 654 2275 veluti
675 2219 698 2274 si
725 2219 785 2291 quis
807 2217 878 2274 dicat
898 2219 951 2274 hoc
970 2217 1068 2272 modo:

93 2317 205 2362 nxrxus
226 2317 331 2362 unctus
352 2317 435 2361 arnus
458 2317 559 2360 nnnns
584 2317 773 2360 munero:
805 2317 835 2360 ax
859 2316 964 2360 nxnxus
985 2316 1069 2360 sanus

92 2401 199 2446 nunna
214 2403 286 2444 nrum
300 2403 466 2458 nouarum,
489 2401 560 2445 srvn
581 2401 683 2445 nunno
705 2403 779 2444 nexu
793 2405 835 2444 nn
850 2401 943 2446 onnus
957 2401 1069 2445 aronta-

93 2489 177 2543 run,
199 2487 287 2538 cunm
301 2487 334 2529 no
350 2485 433 2529 suan
447 2482 596 2530 nunonem
609 2487 748 2531 vnnncxr
768 2470 807 2544 (id
822 2481 864 2528 est
880 2471 966 2548 pubes
982 2471 1069 2528 lactus

93 2555 159 2628 sit),
182 2573 265 2615 nunc
280 2570 370 2614 ansus
385 2571 488 2617 unane
503 2571 593 2614 nere.
630 2573 684 2630 quo
701 2573 765 2613 casu
779 2558 803 2612 si
825 2557 933 2631 quidem
952 2573 1008 2612 non
1023 2571 1069 2611 ex·

95 2642 185 2698 tilerit
200 2641 280 2697 heres
296 2639 383 2711 iilius,
399 2646 465 2696 tunc
479 2639 645 2697 substitutus
661 2643 732 2715 patri
748 2639 779 2696 iit
794 2643 888 2698 heres:
904 2642 1007 2696 sivero
1023 2656 1068 2695 ex·

93 2727 184 2782 titerit
207 2726 286 2781 beres
308 2723 379 2781 filius
395 2731 423 2780 et
437 2733 499 2781 ante
519 2723 689 2799 pubertatem
704 2725 868 2796 decesserit,
887 2726 939 2797 ipsi
961 2721 1016 2780 iilic
1038 2721 1070 2778 lit

168 2955 187 3018 1)
206 2958 241 3020 of.
260 2957 292 3006 L.
311 2959 353 3008 to.
373 2959 414 3008 41.
433 2958 466 3010 D.
484 2959 541 3008 eod.
640 2955 661 3023 ²)
678 2959 717 3008 eie
734 2957 760 3006 B
777 2959 838 3023 Dip.
860 2956 930 3006 titus
947 2971 1001 3006 eum
1027 2956 1071 3006 To

93 3027 214 3090 plerique
232 3026 308 3076 codd.
327 3026 405 3089 infer.
426 3026 489 3090 pius
506 3038 570 3075 nnus
587 3025 664 3087 infer.
688 3027 745 3076 eod.
765 3028 907 3088 complures
926 3025 1068 3089 Theophili.

95 3086 252 3152 ἆντονῖνος
269 3095 350 3144 ceteri
371 3092 509 3157 Theophaii.
529 3101 665 3156 erpounota
677 3108 715 3145 rx.
729 3093 772 3156 (=
792 3091 918 3155 Tiberius)
937 3095 1001 3142 male
1019 3108 1067 3142 ear-

95 3162 195 3224 plicata
213 3167 238 3210 et
255 3163 404 3225 perscripta
422 3173 506 3210 rmus
528 3162 603 3224 idque
629 3162 694 3210 male
716 3162 805 3210 lectum
823 3167 849 3211 et
867 3162 989 3224 scriptum
1007 3161 1069 3222 pius

96 3231 124 3278 in
143 3243 173 3278 eo
192 3227 271 3287 libro,
291 3244 339 3294 qno
358 3229 476 3279 utebatur
497 3227 660 3292 Theophilus,
679 3235 814 3294 antequam
831 3229 879 3278 hae
897 3229 1069 3278 institutiones

93 3298 285 3360 perficerentur
302 3302 328 3346 et
345 3297 372 3346 in
389 3297 513 3361 publicam
530 3297 681 3354 edenenas,
704 3297 731 3345 in
754 3311 833 3345 emesa
853 3296 917 3358 suit,
941 3301 968 3344 ut
989 3293 1070 3343 Theo·

94 3363 194 3427 philus,
220 3378 320 3414 renen
342 3371 463 3414 accurate
485 3365 621 3428 indapata,
649 3365 686 3413 ad
702 3364 857 3414 Antoninum
873 3363 946 3411 Pium
963 3361 1011 3411 hoc
1027 3375 1070 3409 re·

96 3431 191 3550 teget.
277 3430 297 3493 ³)
322 3447 359 3496 pr
380 3467 431 3484 ...
452 3431 534 3482 heres
561 3431 724 3482 substitutus
749 3423 1068 3494 sere=Gai.2,‘179.

99 3500 114 3546 1
166 3500 231 3552 med.
