2486 3916
164 167 184 231 6
302 183 337 218 nn
357 183 424 220 rurae
444 181 744 232 uanosnu1,ocsr1uu
763 183 798 218 nr
817 169 948 232 crv1nrl,
968 170 992 220 2.

165 327 207 382 bis
224 323 353 398 quaedam
367 333 433 381 sunt
454 324 629 399 personales,
653 341 722 398 quae
739 341 789 380 nec
804 324 837 379 ad
853 323 1005 398 exemplum
1020 325 1133 381 trabun-

165 418 226 479 tur,
255 409 382 482 quoniam
408 427 464 468 non
490 411 542 466 boc
566 411 692 484 princeps
719 409 791 466 vult:
816 425 877 464 uam
903 407 977 482 quod
1003 408 1083 465 alicui
1099 408 1134 465 ob
1232 435 1233 482 3

166 495 261 550 merita
281 492 411 564 indulsit,
433 493 476 550 vel
495 495 519 550 si
539 495 583 550 cui
602 509 717 568 poenam
736 495 883 568 irrogavit,
903 492 946 549 vel
965 495 989 548 si
1010 494 1053 550 cui
1074 495 1134 550 sine

167 577 290 651 exemplo
305 576 448 650 subvenit,
463 595 608 652 personam
621 595 679 634 non
693 578 842 653 egreditur.
874 577 941 634 allae
955 585 1055 649 autem,
1072 593 1135 633 cum

134 677 148 724 a
167 661 308 736 generales
323 669 404 734 sunt,
426 679 520 719 omnes
539 663 637 737 procul
657 662 739 719 dubio
755 669 860 719 tenent.
890 661 1049 718 Praetorum
1066 679 1135 736 quo·

167 761 220 820 que
236 745 323 802 edicta
338 763 393 804 non
404 747 535 804 modicam
545 749 612 804 iuris
624 749 749 821 optinent
760 747 958 803 auctoritatem.
977 747 1042 804 baec
1053 748 1134 803 etiam

166 832 208 886 ius
224 831 400 888 honorarium
415 831 534 888 solemus
550 832 700 906 appellare,
722 832 797 905 qnod
813 833 858 904 qui
875 832 1006 888 bonorem
1021 839 1135 906 gerunt,

167 915 193 970 id
209 923 251 970 est
265 917 457 991 magistratus,
473 917 662 974 auctoritatem
677 917 741 974 huic
755 917 807 972 iun·
822 915 967 972 dederunt.
997 932 1136 989 propone·

167 997 231 1054 bant
251 1009 280 1056 et
298 999 398 1056 aediles
418 1001 527 1058 curules
549 1000 667 1057 edictum
688 1001 722 1057 de
738 999 897 1076 quibusdam
917 999 1039 1071 casibus,
1060 999 1136 1073 quod

133 1083 284 1140 8edictum
309 1086 375 1140 iuris
397 1085 535 1142 honorarii
558 1086 649 1159 portio
675 1094 727 1142 est.
774 1078 935 1158 1Responsa
959 1084 1136 1159 prudentium

167 1175 232 1224 sunt
251 1169 402 1226 sententiae
423 1177 451 1224 et
475 1171 616 1244 opiniones
637 1185 748 1242 eorum,
775 1168 872 1245 quibus
893 1171 1056 1243 permissum
1078 1178 1137 1226 erat

167 1253 225 1306 iura
245 1251 373 1309 condere.
404 1270 464 1309 narn
486 1255 635 1328 antiquitus
655 1255 813 1311 institutum
833 1261 905 1325 erat,
930 1263 960 1310 ut
979 1260 1072 1310 essent
1088 1255 1136 1327 qui

167 1337 225 1391 iura
245 1335 354 1410 publice
378 1339 639 1412 interpretarentur,
664 1339 761 1413 quibus
783 1355 798 1394 a
818 1337 930 1394 Caesare
956 1340 998 1394 ius
1020 1353 1137 1412 respon·
1235 1399 1236 1402 Ἴ

167 1419 249 1476 dendi
263 1421 356 1478 datum
371 1430 429 1494 est,
445 1423 492 1496 qui
506 1424 693 1480 iurisconsulti
703 1422 917 1498 appellabantur.
944 1439 1061 1496 quorum
1077 1439 1137 1478 om·
1235 1433 1236 1438 ’

167 1505 242 1562 nium
262 1508 413 1564 sententiaa
433 1513 461 1562 et
481 1509 623 1582 opiniones
645 1525 703 1564 eam
728 1508 917 1564 auctoritatem
938 1505 1082 1578 tenebant,
1105 1515 1138 1562 ut

167 1589 249 1646 iudici
263 1591 392 1648 recedere
407 1608 422 1646 a
436 1609 569 1666 responso
585 1609 679 1649 eorum
699 1609 756 1650 non
768 1592 877 1664 liceret,
899 1600 930 1648 ut
945 1599 987 1648 est
1001 1592 1137 1648 constitu·

134 1672 149 1718 9
169 1681 235 1730 tum.
265 1673 305 1730 Ex
319 1691 375 1731 non
390 1677 492 1749 scripto
508 1678 551 1732 ius
565 1678 653 1748 venit,
669 1676 743 1751 quod
758 1693 824 1732 usus
840 1675 1034 1750 comprobavit.
1073 1692 1137 1732 nam

168 1757 290 1814 diuturni
304 1775 394 1816 mores
403 1775 540 1816 consensu
554 1763 690 1818 utentium
698 1759 866 1834 comprobati
880 1760 970 1834 legem
984 1761 1137 1816 imitantur.
1236 1747 1237 1796 Ὗ

118 1840 150 1888 10
168 1839 201 1897 to
215 1858 270 1898 non
285 1842 455 1917 ineleganter
469 1847 497 1900 in
517 1844 583 1902 duas
605 1847 709 1919 species
724 1846 766 1900 ius
782 1845 859 1900 civile
873 1843 1047 1900 distributum
1061 1844 1138 1900 vide·

169 1935 222 1983 tur.
253 1943 314 1982 nam
331 1928 410 2003 origo
432 1930 490 1985 eius
505 1929 537 1985 ab
552 1931 684 1990 institutis
706 1929 818 1986 duarum
833 1930 996 2000 civitatium,
1017 1929 1137 1986 Athena-

168 2027 228 2066 rum
249 2011 352 2069 scilicet
373 2021 400 2069 et
422 2012 646 2086 Lacedaemonis,
672 2013 784 2070 linxisse
803 2013 924 2070 videtur:
950 2015 979 2070 in
999 2013 1041 2068 his
1063 2014 1149 2070 enim.
1237 2081 1238 2086 η

168 2095 319 2154 civitatibus
334 2098 372 2153 ita
387 2099 431 2172 agi
446 2099 557 2155 solitum
573 2107 646 2171 erat,
662 2107 693 2155 ut
703 2097 907 2155 Lacedaemonii
922 2097 1031 2172 quidem
1048 2099 1136 2172 magis

169 2197 216 2254 ea,
232 2198 301 2256 quae
315 2199 367 2256 pro
382 2182 489 2257 legibus
506 2183 695 2255 observarent,
712 2185 856 2240 memoriae
867 2182 1037 2253 mandarent,
1052 2182 1138 2238 Athe-

168 2267 276 2322 nienses
302 2283 366 2324 vero
394 2284 440 2340 ea,
468 2270 586 2341 quaein
613 2268 719 2342 legibus
745 2269 845 2341 scripta
864 2258 1136 2342 reprehendissent²,

167 2349 347 2406 custodirent.

118 2449 149 2498 11
232 2433 285 2490 Sed
301 2436 431 2492 naturalia
446 2435 554 2510 quidem
570 2437 637 2507 iura,
654 2452 722 2510 quae
737 2434 808 2509 apud
820 2451 914 2492 omnes
929 2445 1026 2510 gentes
1041 2452 1138 2509 perae·

169 2533 223 2590 que
237 2527 394 2592 servantur,
417 2520 506 2578 divina
527 2519 640 2594 quadam
661 2519 829 2594 providentia
843 2522 1006 2592 constituta,
1028 2536 1139 2594 semper

170 2601 245 2659 firma
265 2610 346 2676 atque
366 2603 540 2661 immutabilia
560 2612 731 2678 permanent:
758 2621 789 2661 ea
810 2621 889 2676 vero,
917 2620 986 2677 quae
1006 2605 1064 2678 ipsa
1086 2603 1138 2660 sibi

169 2703 291 2761 quaeque
306 2689 398 2745 civitas
413 2690 571 2762 constituit,
591 2706 672 2764 saepe
687 2691 783 2746 mutari
797 2688 888 2745 solent
907 2689 951 2746 vel
971 2690 1053 2745 tacito
1068 2705 1138 2746 cou-

168 2789 252 2830 sensu
267 2773 362 2847 populi
377 2774 419 2830 vel
435 2774 484 2830 alia
498 2782 595 2848 postea
609 2775 671 2849 lege
686 2774 748 2830 lata.

118 2873 150 2920 12
233 2849 343 2914 ³0mne
358 2867 447 2914 autem
468 2860 526 2931 ius,
548 2875 602 2933 quo
618 2861 736 2930 utimur,
756 2858 798 2914 vel
812 2857 845 2914 ad
865 2874 996 2932 personas
1016 2859 1140 2931 pertinet

169 2941 210 2996 vel
231 2941 263 2997 ad
284 2959 328 2998 res
349 2943 391 2998 vel
412 2944 444 2999 ad
465 2945 595 3001 actiones.
640 2961 670 3000 ac
690 2945 765 3018 prius
787 2943 820 2998 de
841 2944 973 3016 personis¹
986 2941 1137 2998 videamus.

169 3041 229 3082 nam
244 3043 338 3100 parum
355 3029 454 3084 estius
473 3046 566 3100 nosse,
582 3030 605 3084 si
621 3044 764 3102 personae,
781 3043 895 3101 quarum
907 3043 987 3083 causa
1001 3033 1139 3082 statutum

169 3119 226 3182 est,
242 3113 414 3186 ignorentur.

236 3324 256 3394 ¹)
275 3349 308 3369 =
323 3329 379 3381 Gai.
394 3333 418 3394 1,
438 3333 462 3380 l.
480 3338 537 3387 mut,
595 3325 617 3397 ²)
636 3331 674 3379 sic
696 3328 745 3379 VA
764 3328 938 3377 invenissent
955 3326 982 3375 B
1000 3317 1031 3376 ἐν
1048 3317 1142 3390 γράμ-

167 3409 256 3460 μασιν
277 3395 372 3450 ἴσασιν
393 3389 479 3458 ὄντας
499 3398 612 3463 Tbeopb.
633 3394 907 3462 comprehendissent
922 3395 1041 3459 plerique
1059 3397 1141 3446 codd.

167 3461 188 3528 ³)
207 3501 252 3515 ...
271 3464 415 3518 videamus
427 3489 461 3508 =
475 3467 531 3520 Gai.
552 3469 574 3524 1,
593 3467 619 3518 8.
639 3467 671 3518 L.
692 3467 715 3517 1.
735 3465 768 3514 D.
788 3465 820 3514 de
837 3468 907 3512 statu
924 3462 988 3514 bom.
1008 3457 1044 3526 (1,
1065 3459 1103 3526 5).
