2464 3916
210 233 245 266 ne
266 231 536 268 senaruscousuuro
556 231 754 266 renrunnrsuo
774 216 825 279 111,
844 220 869 267 3.
965 213 1028 278 109

70 366 272 431 constitutioue¹
289 375 436 445 sanximus,
453 389 533 447 quam
549 373 582 429 de
597 375 656 428 iure
670 380 845 447 patronatus,
862 373 1028 428 humanitate

69 466 236 532 suggerente,
252 457 426 532 protulimus,
439 459 640 514 'successionem
656 458 684 512 iu
699 457 878 531 adgnatorum
895 455 1028 516 beredita-

70 543 130 598 tibus
145 559 200 599 uon
217 559 277 599 esse
291 544 330 598 eis
346 542 540 617 denegandam,
556 557 617 597 cum
632 543 698 598 satis
710 540 854 596 absurdum
870 549 938 612 erat,
955 541 1028 614 quod

68 629 181 702 cognatis
197 645 212 682 a
226 635 352 702 praetore
368 635 492 702 apertum
508 635 566 696 est,
588 627 641 682 hoo
660 625 782 699 adgnatis
805 641 864 682 esse
880 625 1027 698 reclusum,

69 713 171 768 maxime
186 728 247 767 cum
268 713 295 768 in
312 727 395 768 onere
416 711 525 786 quidem
540 711 687 767 tutelarum
709 717 737 765 et
757 711 845 783 primo
863 707 949 783 gradu
963 708 1029 766 deli·

68 797 157 867 ciente,
172 812 291 870 sequens
306 796 427 852 succedit
443 804 481 868 et,
497 796 570 869 quod
586 796 613 850 in
629 811 712 850 onere
725 793 879 865 obtinebat,
901 809 956 850 nou
972 803 1028 850 erat

67 882 90 934 iu
103 881 176 936 lucro
192 882 361 954 permissum.

122 965 162 1020 Ad
189 965 337 1038 legitimam
361 966 562 1022 successionem
589 965 673 1020 nihilo
699 965 788 1019 miuus
811 971 923 1019 vocatur
949 964 1063 1022 etiam8

68 1065 171 1122 parens,
199 1052 245 1123 qui
266 1058 403 1106 contracta
424 1047 520 1106 fiducia
542 1047 626 1106 lilium
654 1049 694 1104 vel
716 1046 812 1119 liliam,
839 1054 966 1121 nepotem
987 1046 1028 1102 vel

68 1142 166 1207 neptem
189 1150 219 1189 ac
240 1133 366 1208 deinceps
388 1136 547 1208 emancipat.
570 1134 642 1208 quod
659 1151 692 1189 en
707 1124 1029 1189 nostraconstitutione²

67 1217 215 1274 omnimodo
229 1218 376 1290 inducitur,
392 1228 423 1274 ut
434 1220 660 1292 emancipationes
675 1217 822 1273 liberorum
838 1232 945 1290 semper
957 1215 1030 1272 vide·

68 1311 141 1358 autur
156 1311 293 1360 contracta
308 1300 405 1359 fiducia
421 1301 489 1374 lieri,
505 1319 566 1358 cum
582 1303 653 1376 apud
668 1303 795 1375 antiquos
811 1318 866 1356 non
882 1301 960 1356 aliter
976 1301 1029 1356 boc

70 1385 208 1459 obtinebat,
224 1388 276 1443 nisi
287 1387 440 1461 specialiter
452 1395 589 1443 contracta
601 1386 698 1442 fiducia
709 1403 806 1460 pareus
818 1386 1027 1440 manumisisset.

485 1583 543 1624 uls.
557 1583 601 1624 m

184 1686 233 1737 DE
253 1685 616 1738 SENATUSCONSULTO
634 1684 904 1738 TERTULLIANO.

124 1808 178 1865 Lex
194 1808 335 1866 duodecim
352 1808 500 1866 tabularum
516 1811 552 1866 ita
568 1811 664 1865 stricto
685 1811 744 1864 iure
765 1806 891 1864 utebatur
911 1814 938 1862 et
953 1822 1030 1880 prae·
1047 1817 1082 1857 nr.

68 1893 178 1966 ponebat
194 1895 374 1950 masculorum
390 1895 547 1968 progeniem
564 1902 591 1950 et
607 1911 670 1965 eos,
688 1895 734 1966 qui
749 1909 798 1966 per
813 1892 933 1948 lemiuiui
948 1907 1030 1948 sexus

67 1977 286 2034 uecessitudinem
302 1977 353 2034 sibi
367 1981 534 2052 iunguntur,
555 1979 623 2034 adeo
639 1977 805 2050 expellebat,
826 1984 857 2031 ut
873 1975 1029 2048 nequidem

67 2063 132 2118 inter
146 2069 259 2118 matrem
280 2070 307 2119 et
328 2061 411 2118 lilium
432 2061 545 2119 liliamve
567 2063 641 2118 ultro
661 2064 785 2134 citroque
810 2060 967 2116 hereditatis
988 2076 1031 2114 ca·

66 2146 174 2218 piendae
195 2149 236 2202 ius
258 2147 349 2219 daret,
370 2149 421 2204 nisi
443 2147 515 2221 quod
538 2155 678 2220 praetores
699 2163 732 2200 ex
746 2144 916 2218 proximitate
931 2158 1030 2216 cogna-

67 2239 152 2286 torum
167 2247 211 2287 eas
226 2247 355 2305 personas
368 2232 401 2287 ad
416 2233 615 2288 successionem
627 2230 762 2286 bonorum
774 2229 947 2302 possessione
960 2226 1031 2281 unde

68 2316 172 2389 cognati
183 2315 381 2372 accommodata
394 2315 533 2373 vocabant.
560 2315 613 2372 Sed
631 2316 681 2370 bae
696 2315 761 2370 iuris
779 2313 920 2388 angustiae
935 2319 1031 2386 postea
1051 2321 1062 2368 1

67 2399 216 2456 emendatae
236 2409 310 2456 suut.
347 2410 375 2457 et
394 2403 496 2475 primus
517 2400 625 2475 quidem
654 2399 730 2454 divus
751 2397 876 2454 Claudius
899 2397 978 2452 matri
998 2396 1030 2452 ad

68 2484 187 2541 solatium
203 2484 351 2541 liberorum
365 2487 524 2542 amissorum
540 2485 686 2559 legitimam
702 2499 796 2540 eorum
812 2482 910 2540 detulit
925 2480 1031 2538 heredi-

68 2575 155 2624 tatem.
190 2569 288 2626 Postea
309 2578 397 2626 autem
418 2571 657 2627 senatusconsulto
678 2568 861 2638 Tertulliano,
883 2565 956 2640 quod
975 2565 1031 2624 divi
1049 2569 1065 2615 2

69 2651 188 2710 Hadriani
208 2654 377 2729 temporibus
399 2655 497 2712 lactum
518 2663 577 2726 est,
598 2655 754 2728 plenissime
774 2653 808 2708 de
834 2653 904 2708 tristi
925 2666 1032 2706 succes-

67 2738 141 2793 sione
156 2741 248 2810 matri,
270 2756 325 2795 nou
346 2741 424 2796 etiarn
445 2741 518 2796 aviae
539 2739 684 2795 deferenda
704 2747 812 2794 cautum
828 2745 884 2792 est:
900 2743 931 2791 ut
946 2741 1032 2790 mater

67 2821 181 2894 ingenua
201 2825 283 2880 trium
304 2823 452 2880 liberorum
477 2826 520 2880 ius
547 2823 664 2895 babens,
695 2821 820 2879 libertina
845 2827 974 2894 quattuor
999 2817 1030 2873 ad

68 2903 137 2962 bona
156 2906 270 2964 liliorum
290 2905 437 2964 iilierumve
458 2909 613 2966 admittatur
638 2909 829 2965 intestatorum
850 2914 1031 2976 mortuorum,

67 2988 130 3046 licet
143 2993 170 3048 in
184 3001 320 3067 potestate
336 2995 454 3067 parentis
470 3003 527 3065 est,
545 3002 575 3049 ut
590 2993 707 3065 scilicet,
723 3008 784 3048 eum
798 2991 886 3047 alieno
901 2990 954 3045 luri
968 2988 1031 3044 sub·
1076 3003 1080 3009 ·

69 3073 135 3130 iecta
149 3086 200 3150 est,
215 3079 292 3133 iussu
308 3080 366 3134 eius
382 3078 469 3150 adeat,
488 3080 564 3134 cuius
584 3079 637 3133 iuri
651 3076 771 3132 subiecta
790 3084 841 3132 est.
872 3074 1031 3131 Praelerun·
1050 3087 1065 3134 3

71 3165 115 3212 tur
128 3169 213 3218 autem
224 3164 303 3220 matri
317 3162 394 3219 liberi
406 3161 536 3235 defuncti,
549 3163 595 3236 qui
611 3163 654 3218 sui
668 3169 732 3217 sunt
744 3163 824 3235 quive
836 3175 948 3217 suorum
960 3157 1031 3228 loco,

73 3242 125 3298 sive
144 3247 220 3319 primi
237 3247 337 3322 gradus
358 3249 414 3304 sive
436 3247 582 3304 ulterioris.
620 3245 668 3302 sed
684 3255 712 3302 et
733 3244 802 3302 liliae
825 3261 888 3302 suae
909 3252 1031 3301 mortuae

74 3371 269 3386 *k—

137 3441 155 3506 ¹)
174 3445 205 3496 L.
224 3449 248 3498 4.
268 3447 293 3506 ἓ.
312 3447 353 3496 20.
374 3445 401 3495 0.
421 3447 452 3496 de
471 3448 526 3496 iure
541 3451 646 3510 patron.
667 3443 753 3508 (6.4).
816 3443 837 3507 ²)
856 3445 888 3497 L.
909 3449 933 3497 6.
954 3446 980 3501 C.
1001 3451 1031 3499 de
1082 3434 1084 3439 ’

73 3513 241 3576 reaccipit,
260 3515 293 3564 48
311 3518 344 3564 ul.
364 3513 415 3575 49).
