2464 3916
133 181 195 246 164
431 197 466 230 on
487 197 559 232 uren
579 195 700 240 courum
718 182 763 244 IV,
783 185 807 232 3.

132 340 221 398 solum
242 347 303 394 usta
323 345 369 393 aut
390 338 490 409 lracm,
505 337 558 398 ‚sed
580 338 658 394 etiam
679 338 762 394 scissa
783 346 810 394 et
825 338 919 394 collisa
935 345 963 394 et
978 337 1061 398 effusa
1077 345 1105 394 et

133 441 244 498 quoquo
260 421 340 478 modo
355 431 495 496 perempta
511 430 592 496 atque
612 421 747 478 deteriora
768 421 837 478 lacta
853 423 905 479 hoc
920 421 1002 478 verbo
1018 424 1106 502 conti·

132 515 245 564 nentur:
267 507 385 580 denique
400 519 562 580 responsum
577 513 636 578 est,
657 508 680 562 si
695 507 756 580 quis
777 507 805 562 in
820 507 937 563 alienum
951 508 1043 564 vinum
1059 516 1108 563 aut

133 591 224 647 oleum
238 591 265 646 id
280 592 437 662 immiserit,
453 608 507 664 quo
523 591 652 646 naturalis
667 589 774 646 bonitas
789 593 843 648 vini
857 592 900 648 vel
916 592 970 648 olei
984 608 1108 648 eorrum-

83 691 115 740 14
133 683 260 749 peretur,
276 692 309 731 er
325 676 374 732 liae
388 683 466 749 parte
481 675 550 750 legis
566 691 628 736 eum
643 677 740 748 teneri.
775 675 846 738 lllud
860 676 947 749 palam
963 685 1021 748 est,
1037 677 1110 732 sicut

133 762 267 834 exprimo
284 761 371 834 capite
391 761 429 816 ita
449 759 557 815 demum
579 761 694 833 quisque
709 766 835 832 tenetur,
849 762 873 816 si
888 759 951 816 dolo
967 769 1016 816 aut
1028 761 1109 834 culpa

133 845 191 900 eius
201 845 282 900 homo
294 852 340 900 aut
352 843 506 918 quadrupes
519 845 625 900 occisus
632 845 752 900 occisave
764 843 856 917 luerit,
868 847 943 900 itaer
956 845 1009 900 hoo
1020 847 1110 920 capite

134 945 166 984 er
176 927 240 986 dolo
256 936 303 984 aut
313 929 392 1002 culpa
403 927 437 984 de
452 935 544 992 cetero
556 927 653 984 damno
666 945 801 1002 quemque
813 931 908 985 teneri.
932 923 1111 992 ¹lioctamen

134 1014 221 1086 capite
236 1030 292 1068 non
307 1013 400 1086 quanti
414 1014 490 1068 in-eo
506 1029 588 1085 auno,
603 1013 651 1070 sed
664 1014 757 1087 quanti
771 1015 799 1069 iu
810 1013 904 1070 diebus
920 1015 1032 1088 triginta
1043 1031 1110 1088 pro-

84 1098 211 1158 issimis
234 1114 277 1154 res
299 1098 397 1168 luerit,
425 1096 563 1171 obligatur
582 1099 621 1170 is,
650 1098 697 1174 qui
717 1097 842 1154 damnum
863 1098 977 1154 dederit.
1015 1101 1054 1154 Ao
1073 1115 1112 1154 ne

134 1179 279 1255 ‘plurimi'
301 1181 410 1255 quidem
430 1179 542 1237 verbum
562 1181 691 1251 adicitur;
712 1181 761 1238 sed
781 1181 879 1239 Sabino
899 1190 974 1240 recte
995 1183 1111 1258 placuit,

133 1265 247 1340 perinde
261 1265 410 1322 habendam
425 1267 654 1337 aestimationem,
675 1283 706 1322 ao
726 1267 750 1322 si
765 1269 845 1324 etiam
868 1267 917 1324 hac
932 1275 1009 1341 parte
1030 1265 1112 1341 ‘pb-

133 1349 211 1406 rlmi'
228 1349 341 1407 verbum
361 1349 494 1408 adiectum
516 1350 626 1406 luisset:
649 1367 710 1406 nam
730 1349 1016 1424 plebem'llomanam,
1039 1369 1111 1426 quae

134 1434 242 1508 Aquilio
264 1435 374 1492 tribuno
396 1444 511 1509 rogante
531 1435 600 1491 hanc
619 1435 709 1510 legem
731 1435 809 1508 tulit,
836 1445 992 1493 contentam
1012 1437 1111 1508 luisse,

135 1518 208 1593 quod
223 1522 308 1593 prima
321 1527 399 1594 parte
414 1536 446 1576 eo
462 1518 544 1575 verbo
557 1537 605 1575 usa
620 1527 672 1589 est.
737 1555 740 1560 ·
777 1573 779 1579 ,
901 1583 903 1590 ,
1071 1575 1075 1580 .

85 1619 117 1670 16
198 1602 323 1660 Ceterum
337 1605 449 1678 placuit,
463 1603 501 1660 ita
516 1601 622 1660 demum
646 1621 677 1661 ex
699 1605 750 1662 hac
768 1605 831 1680 lege
846 1608 978 1662 actionem
994 1622 1069 1678 esse,
1086 1611 1112 1664 si

136 1689 195 1763 quis
213 1683 402 1764 [praecipueP
413 1705 528 1761 corpore
538 1706 588 1744 suo
600 1688 727 1750 damnum
739 1689 851 1764 dederit.
867 1691 985 1766 ideoque
996 1691 1025 1746 iu
1036 1707 1111 1766 euin,

137 1773 183 1846 qui
199 1771 250 1827 alio
272 1773 353 1828 modo
374 1773 500 1828 damnum
522 1772 644 1846 dederit,
672 1774 750 1830 utiles
778 1776 897 1832 actiones
922 1775 979 1832 dari
1002 1775 1111 1834 solent:

135 1855 220 1912 veluti
234 1857 257 1910 si
271 1857 331 1930 quis
343 1856 480 1912 hominem
491 1855 608 1912 alienum
617 1866 664 1914 aut
678 1875 762 1932 pecus
777 1861 814 1914 ita
828 1853 985 1932 incluserit,
994 1869 1024 1915 ut
1039 1861 1112 1919 lame

136 1947 294 2012 necaretur,
311 1947 358 1996 aut
371 1942 522 2004 iumentum
545 1948 597 1997 tam
615 1941 787 2000 vehementer
801 1945 904 2018 egerit,
927 1952 955 2001 ut
969 1961 1112 2022 rumpere·

136 2034 196 2096 tur,
221 2034 268 2080 aut
283 2041 366 2100 pecus
381 2026 409 2080 iu
424 2031 529 2082 tautum
544 2029 735 2100 exagitaverit,
759 2035 788 2084 ut
802 2030 1041 2103 praecipitaretur,
1063 2041 1113 2087 aut

136 2109 159 2188 si
175 2111 236 2182 quis
251 2109 338 2166 alieno
360 2125 439 2168 servo
454 2113 634 2184 persuaserit,
647 2120 688 2176 ¹ut
707 2113 735 2170 iu
756 2103 880 2170 arborem
895 2113 1053 2172 ascenderet
1067 2117 1113 2172 vel

137 2195 165 2250 in
179 2201 293 2268 puteum
309 2193 510 2266 descenderet,
524 2203 551 2251 et
570 2197 593 2252 is
609 2197 778 2254 ascendendo
800 2198 843 2254 vel
857 2197 1046 2256 descendendo
1061 2209 1114 2256 aut

138 2287 262 2335 mortuus
283 2279 366 2337 luerit
386 2287 433 2336 aut
454 2278 543 2352 aliqua
564 2289 639 2354 parte
660 2281 783 2356 corporis
804 2281 893 2338 laesus
909 2285 976 2355 erit,
989 2280 1064 2340 'utilis
1083 2287 1113 2341 in

138 2379 200 2418 eum
214 2365 284 2419 actio
300 2363 388 2420 datur.
419 2363 468 2419 sed
483 2365 581 2437 siquis
596 2366 713 2422 alienum
728 2381 837 2422 servum
848 2367 882 2424 do
896 2375 980 2442 ponte
995 2377 1041 2425 aut
1052 2371 1114 2444 ripa

137 2447 165 2502 in
180 2445 281 2502 llumen
297 2447 425 2510 deiecerit
441 2455 468 2530 et
482 2450 505 2503 is
521 2450 668 2506 suffocatus
680 2450 780 2522 luerit,
801 2468 851 2523 eo,
873 2452 948 2526 quod
962 2455 1114 2526 proiecerit

136 2547 252 2604 corpore
267 2548 334 2604 suo,
356 2531 482 2588 damnum
502 2533 609 2590 dedisse
628 2551 684 2591 non
695 2533 990 2612 'difficiliteriutellegi
1008 2540 1114 2612 poterit

137 2614 254 2688 ideoque
283 2617 341 2690 ipsa
361 2616 423 2692 lege
444 2617 550 2691 Aquilia
571 2627 687 2676 tenetur.
730 2620 779 2676 sed
799 2622 822 2676 si
847 2638 903 2678 non
928 2638 1043 2696 corpore
1059 2623 1114 2678 -da-

137 2716 230 2756 mnum
245 2699 327 2757 luerit
342 2691 434 2757 datum
449 2718 539 2776 neque
551 2719 650 2778 eorpus
665 2703 879 2778 laesum-luerit,
895 2705 943 2762 sed
958 2706 1011 2762 alio
1027 2707 1113 2764 modo

137 2783 262 2840 damnum
278 2784 357 2841 alicui
372 2787 505 2860 contigit,
526 2804 588 2844 oum
609 2805 665 2856 uon
686 2787 788 2846 suflicit
803 2807 891 2866 neque
906 2789 1006 2866 directa
1020 2808 1115 2866 neque

138 2868 211 2923 utilis
238 2870 358 2943 Aquilia,
382 2870 484 2943 placuit
509 2887 585 2946 eum,
613 2874 659 2948 qui
680 2873 813 2932 obnoxius
833 2875 933 2947 luerit,
959 2877 987 2932 in
1008 2876 1113 2932 lactum

137 2953 243 3008 actione
259 2955 358 3010 teneri:
374 2953 458 3010 veluti
473 2956 496 3012 si
512 2958 583 3030 quis,
599 2959 782 3016 misericordia
797 2959 905 3032 ductus,
921 2959 1037 3017 alienum
1052 2979 1115 3017 ser·

137 3053 199 3092 vum
210 3037 397 3126 compeditum
411 3039 539 3114 solverit,
556 3050 587 3098 ut
601 3040 720 3118 lugeret.

138 3272 215 3324 codd.
231 3278 280 3322 aet.
300 3275 339 3325 ed.
359 3273 416 3328 Ka„
430 3274 507 3336 quod·
520 3290 628 3340 quoquo
646 3291 682 3327 m.
702 3293 725 3328 o.
749 3281 792 3328 est
814 3279 853 3330 ed.
877 3275 953 3328 Scor.
973 3278 1115 3329 anthabet

139 3338 214 3386 etiam
234 3338 289 3388 Gai.
349 3337 368 3406 ¹)
386 3341 411 3400 ς’.
431 3343 464 3390 14
480 3342 539 3390 ltine
556 3343 596 3403 §fi-
617 3345 657 3394 lo.
678 3343 710 3394 16
726 3345 785 3408 sere
802 3365 837 3386 =
856 3347 913 3396 Gai.
933 3347 958 3404 3,
976 3346 1114 3400 alcala.

139 3400 160 3462 ²)
179 3406 329 3470 praecipue
356 3407 457 3458 videtur
479 3411 566 3473 ploaaa
592 3417 712 3471 notantis,
740 3417 815 3464 etiam
840 3414 1005 3464 instrumento
1023 3419 1114 3464 tuanen

140 3469 252 3520 adnibito
269 3488 347 3535 porse
365 3491 476 3539 corpore
493 3476 608 3526 damnum
625 3479 693 3530 dari.
712 3481 746 3542 cs.
768 3481 880 3546 cleopa.
