2464 3916
209 167 269 232 140
359 183 395 218 ne
414 181 557 218 nuenton
576 183 612 218 sn
630 181 803 220 veantrrottn
822 167 874 232 Ill,
894 170 926 219 23
945 167 1008 232 (bl).

205 328 256 383 nisi
271 333 298 382 et
312 326 492 381 instrumenta
507 325 649 398 emptionis
671 324 772 380 luerint
786 325 937 398 conscripta
952 323 995 380 vel
1009 340 1088 380 manu
1106 343 1157 399 pro-

204 411 261 486 pn’a
276 409 509 482 contrabentium,
532 408 574 466 vel
595 407 627 464 ab
641 408 693 465 alio
709 408 817 483 quidem
831 411 948 484 scripta,
968 425 983 464 a
998 409 1158 465 contrahente

204 500 294 550 autem
309 492 461 568 subscripta
476 501 519 564 et,
540 495 563 550 si
584 509 634 568 per
653 492 825 550 tabellionem
839 491 922 566 liunt,
945 495 997 550 nisi
1012 500 1039 550 et
1055 495 1157 568 comple·

204 579 293 634 tiones
309 579 462 652 acceperint
477 585 505 634 et
520 577 621 636 luerint
635 577 755 652 partibus
774 577 904 634 absoluta.
941 578 1027 635 donec
1042 579 1110 634 enim
1123 579 1159 634 ali·

204 661 268 736 quid
284 679 316 718 ea
333 662 373 718 his
394 663 487 734 deest,
508 671 536 720 et
555 661 737 737 poenitentiae
757 663 835 720 locus
849 671 891 719 cst
907 671 934 720 et
954 671 1047 737 potest
1068 671 1161 738 emptor

204 746 247 804 vel
262 747 387 804 venditor
401 748 460 804 sine
480 763 568 822 poena
589 748 716 804 recedere
731 747 764 804 ab
779 749 925 822 emptione.
970 750 1007 804 ita
1022 755 1109 804 tamen
1122 751 1161 804 irn-

204 845 276 906 pune
291 831 420 888 recedere
435 833 474 888 eis
489 832 674 904 concedimus,
690 833 740 888 nisi
756 833 807 889 iam
822 849 941 889 arrarum
953 833 1063 889 nomine
1074 832 1160 906 ailquid

204 917 287 973 luerit
301 915 407 972 datum:
430 916 482 972 boe
498 919 597 973 etenim
611 917 773 990 subsecuto,
794 919 850 974 sive
870 919 1018 992 inscriptis
1040 918 1095 972 sive
1114 919 1161 972 sine

203 1002 311 1076 scriptis
332 1000 450 1058 venditio
470 1000 603 1059 celebrata
623 1011 680 1073 est,
703 1003 740 1074 ia,
763 1004 809 1076 qui
829 1010 935 1059 recusat
949 1000 1093 1075 adimplere
1108 1017 1162 1057 con·

203 1093 334 1156 tractum,
355 1087 379 1141 si
400 1083 508 1159 quidem
530 1095 637 1160 emptor
657 1093 713 1158 cst,
735 1087 840 1162 perdit,
861 1085 934 1162 quod
955 1085 1044 1158 dedit,
1065 1085 1088 1140 si
1107 1101 1161 1140 vero
1210 1095 1213 1144 l

202 1169 343 1242 venditor,
359 1169 472 1244 duplum
487 1171 631 1226 restituere
647 1171 836 1244 compellitur,
851 1171 914 1228 licet
929 1169 995 1226 nibil
1010 1185 1091 1242 super
1105 1170 1162 1224 arris
1213 1163 1214 1216 l

170 1257 183 1305 1
203 1269 361 1328 expressum
383 1261 435 1310 est.
480 1253 599 1311 Pretium
620 1263 710 1312 autem
731 1257 860 1312 constitui
876 1263 998 1329 oportet:
1022 1270 1081 1309 nant
1097 1253 1161 1310 nulla
1214 1233 1215 1286 l

153 1335 190 1402 (1)
202 1339 303 1412 emptio
324 1339 383 1394 sinc
403 1340 492 1412 pretio
514 1355 574 1396 esse
594 1347 695 1414 potest.
741 1333 805 1396 ¹sed
820 1347 964 1396 etcertum
979 1340 1095 1412 pretium
1111 1354 1162 1394 esse

202 1420 293 1479 debet.
333 1421 452 1497 alioquin
473 1425 496 1480 si
511 1425 547 1480 ita
562 1425 634 1482 inter
648 1424 753 1498 aliquos
769 1425 939 1495 convenerit,
956 1431 1000 1494 ut,
1021 1424 1113 1497 quenti
1126 1423 1164 1478 li·
1217 1441 1218 1488 l

169 1515 174 1530 ¹
203 1507 257 1563 tius
273 1523 330 1564 rem
351 1509 546 1579 aestimaverit,
568 1510 635 1566 tanti
655 1510 691 1564 sit
706 1515 808 1582 empta:
829 1510 901 1566 inter
916 1515 1019 1564 veteres
1040 1509 1104 1564 satis
1124 1507 1164 1562 ab·
1218 1509 1219 1562 l

202 1591 329 1666 undeque
345 1593 397 1648 hoc
412 1591 600 1664 dubitabatur,
616 1593 672 1649 sive
687 1600 794 1649 constat
809 1592 927 1649 venditio
942 1593 1001 1649 sive
1015 1609 1079 1648 non.
1122 1591 1166 1648 sed
1219 1579 1220 1632 l

202 1682 295 1730 nostra
316 1669 437 1730 decisio²
457 1678 494 1731 lta
509 1677 562 1733 lroo
577 1679 737 1748 constituit,
759 1685 804 1748 ut,
825 1679 952 1751 quotiens
969 1679 1009 1733 sic
1023 1679 1166 1752 composita

200 1759 236 1812 sit
251 1758 371 1814 vetrditio
393 1775 511 1823 ousurr
526 1777 598 1816 anne
613 1775 864 1832 aesrrrravnrur,
885 1761 936 1818 sub
951 1764 1001 1819 hac
1016 1762 1167 1820 condicione
1222 1787 1223 1834 q

201 1847 286 1896 staret
301 1849 472 1912 contractus,
488 1851 534 1913 ut,
550 1845 573 1899 si
589 1845 697 1918 quidem
713 1847 786 1920 ipse,
803 1849 848 1921 qui
865 1849 1018 1904 nominatus
1035 1856 1085 1917 est,
1105 1863 1166 1920 prc-
1223 1855 1224 1906 l

201 1923 268 1980 tium
289 1921 440 1996 definierit,
472 1929 627 1986 omnimodo
646 1931 796 1998 secuudum
826 1933 883 1988 eius
906 1933 1113 1988 aestimationem
1137 1938 1166 1984 et
1224 1925 1225 1978 l

200 2010 318 2084 pretium
339 2010 510 2084 persolvatur
529 2021 556 2069 et
577 2029 621 2070 res
643 2015 778 2088 tradatur,
801 2024 832 2081 ut
854 2015 972 2072 venditio
995 2016 1027 2072 ad
1049 2015 1169 2071 ellectum

201 2093 381 2168 perducatur,
411 2105 533 2171 emptore
563 2099 671 2172 quidem
701 2117 733 2156 er
759 2110 850 2175 empto
881 2101 1002 2171 actione,
1032 2099 1169 2155 venditore

201 2187 290 2234 autem
306 2197 338 2236 er
353 2180 462 2237 vendito
480 2191 588 2257 agente.
627 2186 669 2240 sin
685 2194 773 2242 autem
793 2186 855 2256 ille,
879 2187 925 2260 qui
945 2186 1098 2241 nominatus
1120 2192 1170 2251 est,

202 2263 243 2317 vel
258 2264 376 2320 uoluerit
392 2265 433 2320 vel
449 2283 503 2322 non
518 2271 639 2341 potuerit
654 2272 772 2342 pretium
786 2269 914 2342 definire,
935 2277 1000 2326 tune
1020 2267 1171 2344 pronihilo

201 2361 261 2400 esse
276 2348 473 2419 venditionem,
491 2354 567 2423 quasi
582 2353 658 2409 nullo
674 2355 762 2426 pretio
777 2362 891 2412 statuto.
922 2354 996 2428 quod
1011 2356 1053 2410 ius
1068 2369 1129 2409 cum
1143 2353 1173 2406 in

200 2427 401 2484 venditionibus
420 2432 497 2488 nobis
518 2435 634 2507 placuit,
656 2455 711 2494 non
727 2445 769 2494 cst
784 2437 928 2494 absurdum
944 2447 971 2494 et
988 2441 1017 2496 in
1032 2437 1174 2495 locationi·

165 2512 250 2567 abus
271 2519 298 2568 et
318 2513 543 2573 conductionibus
565 2521 681 2577 trahere.
729 2515 813 2578 ³ltem
837 2525 955 2597 pretium
977 2525 1005 2579 in
1031 2529 1175 2579 numerata

199 2598 312 2670 pecunia
326 2598 476 2655 consistere
487 2601 577 2658 debet.
609 2621 670 2661 nam
685 2607 712 2662 in
725 2609 822 2662 ceteris
838 2607 918 2663 rebus
930 2623 963 2661 an
972 2609 1097 2682 ‘pretium
1113 2623 1175 2663 esse

198 2682 300 2754 possit,
322 2681 406 2738 voluti
427 2683 509 2740 homo
530 2696 576 2743 aut
597 2688 696 2744 lundus
718 2698 764 2745 aut
785 2698 851 2766 toga
866 2691 977 2747 alterius
992 2693 1033 2748 rei
1054 2693 1175 2766 pretium

198 2781 258 2820 csse
278 2767 383 2840 possit,
408 2767 485 2824 valde
506 2772 694 2842 quaerebatur.
740 2773 853 2832 Sabinus
875 2785 903 2832 et
915 2775 1023 2832 Cassius
1043 2777 1126 2832 etiam
1146 2777 1176 2830 in

197 2848 247 2902 alia
263 2866 293 2905 re
313 2857 410 2922 putant
426 2867 506 2924 posse
521 2857 638 2927 pretium
653 2859 818 2935 consistere:
848 2861 920 2917 unde
935 2861 1002 2916 illud
1018 2871 1074 2931 est,
1098 2859 1177 2935 quod

197 2931 280 3006 vulgo
296 2932 450 3006 dicebatur,
472 2953 522 3010 per
535 2943 762 3013 permutationem
777 2961 869 3001 rerum
884 2947 1049 3019 emptionem
1065 2953 1092 3001 et
1108 2962 1178 3001 ven·

197 3014 326 3072 ditionem
348 3019 470 3076 contrahi
497 3038 609 3097 eamque
635 3027 754 3099 speeiem
783 3031 927 3104 emptionis
953 3030 1177 3104 venditionisque

197 3101 407 3158 vetustissimum
434 3120 507 3162 esse:
537 3119 754 3184 argumentoque
783 3113 929 3170 utebantur
958 3113 1060 3170 Graeco
1088 3121 1177 3188 poeta

265 3381 284 3443 ¹)
303 3387 358 3438 init.
376 3406 410 3426 =
429 3387 485 3436 Gai.
510 3391 543 3451 3,
566 3389 625 3440 140.
710 3390 730 3454 ²)
749 3394 781 3443 L.
801 3396 841 3446 15.
870 3395 897 3444 0.
925 3397 956 3445 de
983 3403 1066 3448 cond.
1091 3403 1177 3460 empt.

196 3443 231 3502 (4,
244 3447 297 3507 38).
370 3451 389 3512 θ)
406 3455 465 3514 scre
482 3474 515 3494 =
536 3453 592 3503 uae
612 3459 636 3510 3,
656 3458 714 3506 141.
777 3511 783 3522 ¹
