2486 3916
169 176 212 240 22
287 191 338 236 our
355 191 425 228 nm
443 191 570 228 utronno
589 193 769 230 resrmxro
788 194 913 230 rosstsr
932 180 955 240 1,
974 181 1014 229 ll.

170 333 300 390 tuendum
315 351 393 406 eum,
414 336 461 407 qui
481 343 596 409 propter
609 343 724 390 aetatem
738 353 769 391 se
783 335 930 392 defendere
944 338 1055 409 nequit,
1075 337 1139 392 iure
1230 343 1231 350 ’

135 417 240 476 tcivili
260 417 320 474 data
340 435 372 474 ao
391 420 531 492 permissa.
568 419 685 476 'luteres
700 427 883 492 autemsuut,
903 421 950 494 qui
965 437 1021 476 eam
1036 422 1088 474 rim
1106 436 1138 474 ao

168 511 331 578 potestatem
352 501 465 576 babent,
490 497 597 578 exque¹
617 521 648 560 re
668 505 728 578 ipsa
747 522 846 561 nomen
867 513 1007 578 oeperunt.
1044 506 1139 578 itaque

170 587 341 661 appellantur
354 595 461 644 tutores
476 590 554 662 quasi
567 591 685 646 tuitores
697 597 780 664 atque
794 589 962 661 defensores,
979 591 1049 644 siout
1064 588 1140 644 aedi-

135 675 152 722 3
169 673 210 728 tui
224 671 367 744 dicuntur,
388 673 435 746 qui
455 672 535 729 aedes
556 681 678 730 tuentur.
715 667 897 730 ²Permissnm
918 681 961 730 est
980 675 1072 747 itaque
1089 689 1141 746 pa·

169 754 306 828 rentibus,
322 755 413 812 liberis
428 756 628 831 impuberibus,
643 776 714 832 qnos
728 761 756 814 in
771 766 907 832 potestate
922 758 1036 828 babent,
1052 765 1140 812 testa-

169 849 261 896 mento
283 849 388 898 tutores
409 841 482 896 dare.
519 849 547 897 et
567 842 620 898 boe
640 845 669 898 in
690 841 747 900 lilio
767 841 876 916 filiaque
897 841 1052 900 omnimodo
1071 859 1141 915 pro·

168 924 256 994 eedit;
278 925 423 998 nepotibus
444 933 533 982 tamen
548 926 729 1000 neptibusque
748 928 786 984 ita
800 927 908 983 demum
928 935 1054 1002 parentes
1071 943 1141 1000 pos·

168 1016 233 1064 sunt
247 1017 412 1066 testamento
427 1016 533 1065 tutores
548 1010 629 1082 dare,
650 1014 673 1066 si
688 1019 754 1085 post
768 1019 884 1068 mortem
899 1028 993 1068 eorum
1008 1013 1035 1068 iu
1050 1012 1141 1086 patris

168 1094 210 1148 sni
231 1101 396 1167 potestatem
416 1110 472 1149 non
492 1095 548 1150 sint
564 1097 693 1150 recasuri.
729 1097 821 1170 itaque
836 1097 859 1150 si
875 1094 945 1152 lilius
960 1105 1024 1151 tuus
1039 1096 1140 1152 mortis
1195 1090 1199 1097 '

168 1185 230 1232 tuae
246 1185 370 1251 tempore
384 1180 412 1234 in
425 1185 563 1252 potestate
580 1182 690 1252 tussit,
707 1188 822 1254 nepotes
837 1196 871 1236 ex
885 1196 919 1236 eo
934 1197 990 1236 non
1004 1187 1140 1255 poterunt

169 1269 333 1318 testamento
353 1269 402 1318 tuo
419 1270 538 1318 tutorem
553 1261 666 1336 babere,
688 1266 807 1338 quamvis
822 1266 851 1322 iu
865 1272 1001 1338 potestate
1016 1273 1062 1320 tua
1076 1263 1140 1320 lue·

169 1346 239 1415 rint;
260 1346 364 1403 seilicet
384 1348 447 1420 quia
461 1354 570 1403 mortuo
585 1354 614 1404 te
628 1350 656 1404 in
675 1350 817 1423 patrissui
837 1356 1001 1424 potestatem
1016 1350 1140 1406 recasuri
1231 1337 1232 1412 J

133 1427 150 1474 4
168 1439 242 1486 sunt.
274 1429 339 1488 Cum
355 1439 445 1488 autem
459 1433 487 1486 in
502 1432 687 1506 oompluribus
703 1433 760 1488 aliis
776 1435 863 1489 causis
882 1435 1003 1507 postumi
1016 1450 1068 1508 pro
1083 1435 1140 1488 iam
1231 1485 1232 1496 ,

168 1517 238 1570 natis
260 1513 410 1586 habentur,
433 1523 461 1572 et
480 1517 509 1572 in
529 1517 579 1572 bae
598 1533 678 1574 eausa
697 1517 799 1591 placuit
820 1535 876 1574 uon
891 1519 980 1574 minus
1001 1518 1139 1591 postumis
1231 1513 1232 1516 ’

168 1615 248 1672 quam
268 1601 319 1655 iam
340 1601 410 1656 natis
430 1608 595 1658 testamento
611 1609 716 1658 tutores
731 1601 788 1656 dari
807 1619 906 1675 posse,
928 1603 951 1658 si
966 1602 1047 1658 modo
1063 1603 1141 1672 inea
1231 1637 1232 1644 κ

168 1699 248 1738 causa
262 1685 333 1756 sint,
355 1691 402 1756 nt,
423 1685 447 1740 si
467 1685 533 1739 rivis
552 1685 710 1758 parentibus
725 1694 916 1757 nascerentur,
938 1688 981 1742 sui
1001 1694 1029 1742 et
1043 1687 1073 1740 in
1088 1703 1141 1758 po·

134 1771 268 1822 utesme
288 1783 383 1824 eorum
403 1766 508 1824 tierent.
545 1767 599 1824 Sed
616 1771 640 1824 si
660 1772 827 1844 emancipato
851 1769 907 1827 lilio
929 1779 1005 1826 tutor
1025 1787 1040 1825 a
1059 1779 1140 1843 patre

168 1857 332 1907 testamento
348 1851 426 1908 datus
442 1852 539 1923 luerit,
560 1851 760 1910 confirmandus
776 1863 818 1910 est
833 1871 865 1911 ex
880 1857 1014 1912 sententia
1034 1857 1141 1928 praesi-

168 1933 209 1990 dis
226 1935 397 2008 omnimodo,
412 1937 440 1992 id
457 1938 571 1994 estsine
586 1939 772 2012 inquisitione.

583 2201 641 2241 ΤΠ.
654 2201 716 2241 XIV.

244 2303 310 2364 QUI
328 2303 418 2352 DARI
435 2301 607 2354 TUTORES
626 2281 871 2355 Tmsrnmssnuo
888 2303 1066 2356 POSSUNT.

116 2457 152 2497 1²1.
233 2438 292 2494 llari
305 2449 394 2495 antem
409 2448 501 2513 potest
516 2449 592 2496 tutor
606 2458 662 2498 non
672 2441 760 2497 solum
776 2442 976 2515 paterfamilias,
991 2442 1041 2498 sed
1058 2444 1143 2498 etiam
1232 2451 1233 2490 l

135 2521 364 2579 lfilioslamilias.
394 2523 447 2580 Sed
463 2533 491 2580 et
505 2541 599 2580 servus
614 2528 740 2599 proprius
757 2534 919 2582 testamento
935 2543 996 2582 oum
1011 2525 1142 2583 libertate
1232 2529 1233 2564 ³

167 2614 242 2663 reete
263 2615 340 2663 tutor
355 2608 412 2664 dari
432 2616 534 2680 potest.
565 2609 613 2664 sed
628 2609 767 2666 sciendum
782 2619 840 2680 est,
861 2627 922 2666 eum
938 2618 966 2665 et
980 2612 1040 2666 sine
1056 2611 1142 2666 liber-

168 2699 223 2748 tate
235 2699 354 2748 tutorem
365 2691 455 2748 datum
466 2695 547 2750 tacite
559 2701 587 2748 et
601 2693 753 2750 libertatem
764 2694 891 2750 directam
905 2696 1041 2768 accepisse
1054 2694 1143 2750 videri

168 2783 196 2831 et
211 2792 260 2849 per
274 2777 327 2832 hoo
341 2784 415 2832 reete
431 2784 548 2834 tutorem
561 2795 629 2833 esse.
651 2778 731 2852 plane
742 2779 765 2834 si
779 2794 829 2851 per
840 2795 960 2834 errorem
977 2780 1055 2852 quasi
1070 2778 1144 2834 liber

169 2868 245 2915 tutor
260 2860 338 2916 datus
354 2861 406 2932 sit3
421 2860 494 2917 aliud
509 2861 652 2918 dicendum
667 2871 719 2917 est.
740 2877 834 2917 servus
847 2871 936 2918 autem
949 2862 1055 2918 alienus
1071 2879 1143 2936 pure

167 2943 301 3000 inutiliter
315 2945 394 3000 datur
407 2953 570 3002 testamento
587 2955 676 3002 tutor:
692 2945 739 3001 sed
754 2947 791 3000 ita
806 2962 869 3005 eun
883 2963 978 3004 nrnnn
993 2963 1071 3004 nuru
1088 2948 1144 3002 uti-

168 3028 231 3083 liter
246 3027 333 3084 dntur.
356 3031 482 3103 proprius
504 3039 593 3087 autem
617 3047 710 3086 servus
731 3029 863 3085 inutiliter
884 3022 937 3086 eo³
952 3030 1036 3086 modo
1059 3031 1144 3086 datur

133 3112 149 3158 2
168 3119 253 3168 tutor.
291 3111 419 3170 Furiosus
435 3115 475 3170 vel
496 3117 585 3171 minor
601 3116 696 3189 viginti
718 3115 838 3187 quinque
859 3115 935 3170 ‘annis
956 3122 1035 3170 tutor
1057 3122 1142 3170 testa-

238 3327 257 3392 ¹)
277 3329 323 3379 Ea>
340 3331 399 3392 Dip.
423 3337 449 3379 et
469 3330 581 3393 Tbeopb.
611 3345 644 3378 ex
668 3345 723 3394 qna
746 3331 820 3396 codd.
849 3331 907 3379 edd.
936 3329 1010 3380 Scir.
1037 3338 1064 3379 et
1089 3331 1142 3381 Kr.

169 3392 190 3463 ²)
209 3396 249 3457 it.
269 3401 293 3448 a.
312 3399 337 3447 4.
350 3417 384 3438 =
398 3397 455 3448 oar.
474 3399 496 3456 1,
518 3399 574 3448 144.
594 3399 796 3448 146.rtrmut.
853 3395 873 3458 ⁸)
892 3398 970 3447 ει.
991 3399 1032 3449 14.
1054 3399 1088 3447 n.
1110 3400 1143 3448 ae

170 3470 268 3515 testam.
287 3471 333 3516 tut.
353 3463 405 3527 (to,
424 3462 450 3526 2)
469 3481 504 3514 ero
522 3465 654 3514 Marcioni
670 3468 686 3520 l.
706 3468 722 3515 2
741 3465 821 3515 instit.
