2464 3916
361 185 399 220 on
417 185 602 221 mmm
618 172 667 236 Is,
686 175 727 224 1&
982 173 1044 239 193

135 326 348 383 &mante-
370 326 467 382 dinsio
490 326 699 384 interdictores·
724 329 790 386 naec
813 331 1076 406 est,qnodant1

72 411 251 486 prohffiitoria
263 419 330 468 ιιι
349 419 397 466 ant
410 413 580 468 menania
597 419 646 468 ant
659 412 829 470 additoria.
866 415 1044 490 pomnen

72 494 1044 576 sunnonibrasvetataiiqu‘diicrifleintivins'neritioposfflenti

73 581 427 650 admittenti,
453 597 510 654 qno
528 583 555 637 ci
572 583 618 638 iu
637 583 855 652 aritinierndh
879 585 1043 644 veiinioco

72 681 150 722 sao'o
164 663 313 735 adiisti,
329 664 662 740 reiinflnninepnddoo
676 668 768 741 ripere
782 669 842 726 eins
857 669 1043 744 aliquidtieai,

72 767 127 823 qno
141 752 219 822 peine
232 753 387 824 usigetm
422 753 594 808 restitutoria
607 761 689 824 sont,
704 751 803 826 quibos
816 755 927 811 restitui
940 755 1043 830 aliquid

71 833 163 904 iubet,
177 829 282 890 εεΙιιιί1
297 834 434 891 honorosa
448 838 603 908 possessori
623 839 826 910 possessionen
841 855 951 908 eorum,
974 857 1043 914 qnae

71 921 135 992 quis
148 936 199 992 pro
215 919 319 976 herede
332 928 382 974 ant
394 936 446 994 pro
461 937 623 994 possesne
636 921 761 994 possidet
780 939 814 980 ex
828 939 860 979 ea
880 923 1042 994 irueditate,

70 1012 118 1058 ant
130 1020 194 1060 cnm
206 1002 285 1059 iniret
297 1007 340 1075 ei,
356 1006 404 1078 qni
417 1007 443 1060 si
455 1007 631 1078 pomieno
641 1005 721 1062 ioadi
734 1006 857 1064 deintus
870 1011 918 1078 sit,
934 1011 1043 1066 restitni

70 1090 282 1161 possesionem
306 1088 469 1146 exhibitoria
482 1098 560 1161 sunt,
574 1107 626 1164 per
642 1107 712 1164 qnae
721 1090 797 1148 iubet
811 1091 941 1164 exhibe-i,
958 1092 1043 1150 veluti

70 1189 148 1244 euna,
162 1174 242 1228 cuins
256 1172 291 1228 de
305 1173 432 1230 fiberhte
446 1177 549 1248 agitor,
565 1174 761 1247 artnentum,
775 1177 820 1233 cni
828 1185 961 1251 panonns
976 1195 1043 1253 ope·

70 1275 116 1312 ras
130 1257 248 1314 indicere
268 1258 350 1328 velit,
375 1265 423 1314 ant
441 1261 549 1332 parenti
568 1259 686 1331 liberos,
712 1263 759 1334 qni
779 1262 807 1316 in
826 1269 963 1335 potestate
983 1265 1042 1320 eins

69 1350 145 1398 sunt
181 1351 247 1398 snnt
267 1350 357 1398 umen
381 1344 562 1416 amputant,
588 1347 700 1417 pmprie
724 1344 869 1402 interdicta
890 1363 921 1402 ca
941 1349 1042 1418 vocari,

68 1443 140 1498 quae
153 1425 427 1500 praenimium,
443 1429 506 1500 qnia
519 1428 682 1484 interdicere
701 1437 744 1486 est
759 1429 919 1486 denuntiare
934 1439 962 1486 et
976 1448 1043 1504 pro·

68 1509 177 1566 hibere:
192 1513 362 1568 restitutoria
376 1520 467 1568 antem
481 1520 510 1568 et
524 1511 685 1570 exhibitoria
695 1515 806 1588 proprie
816 1513 925 1570 decreta
937 1517 1043 1572 vocari:

68 1595 120 1650 sed
134 1603 225 1652 umen
241 1598 378 1670 optinuit,
392 1598 482 1652 onnia
496 1597 641 1654 interdicta
654 1597 794 1672 appellari,
810 1600 872 1672 qnia
886 1600 959 1656 inter
973 1599 1043 1656 dnos

68 1680 207 1736 dicontur.
231 1675 374 1754 ²Seqnens
388 1681 484 1738 divisio
497 1681 708 1739 interdictorum
721 1683 789 1739 haec
802 1691 855 1754 est,
871 1683 946 1758 qnod
961 1699 1042 1758 qnae·
1060 1689 1076 1740 a

68 1765 130 1820 dam
144 1765 331 1839 adipiscendae
345 1767 528 1838 possessionis
543 1783 623 1822 cansa
641 1775 796 1841 comparata
809 1775 890 1840 sunt,
910 1767 1041 1842 quaedam

67 1849 242 1921 retinendae,
257 1849 388 1924 quaedam
409 1851 608 1923 reciperandae.
646 1850 842 1926 Adipiscendae
857 1854 1040 1926 possessionis
1058 1861 1075 1908 tt

68 1950 150 1989 cansa
174 1934 347 1990 interdictum
370 1935 590 1991 accommodatur
613 1934 748 1991 honorum
774 1939 943 2010 possessori,
967 1936 1042 2010 qnod

70 2019 224 2092 appellatur
238 2035 369 2084 quorun
382 2020 669 2092 reuocandosque
683 2020 724 2074 vis
735 2025 764 2075 et
771 2027 893 2092 potestas
908 2021 974 2076 haec
989 2029 1042 2090 est,

68 2110 117 2174 ut,
138 2103 212 2177 qood
227 2120 260 2160 ex
281 2103 323 2159 his
339 2102 419 2160 bonis
439 2104 572 2176 quisque,
594 2119 711 2176 quornm
733 2105 871 2176 possessio
886 2104 967 2160 alieni
982 2103 1042 2160 data

67 2195 128 2259 est,
144 2205 194 2260 pro
209 2182 310 2244 heiede
324 2195 372 2243 ant
387 2204 437 2262 pro
453 2204 615 2260 possessore
628 2186 782 2261 possideat,
797 2187 825 2243 id
840 2189 882 2260 ei,
898 2189 942 2244 cui
956 2185 1043 2246 bono·

66 2289 131 2330 rum
145 2274 283 2346 possessio
298 2271 359 2328 data
383 2280 440 2344 εει,
462 2269 608 2328 restituere
627 2270 733 2329 debeat.
770 2288 821 2346 pro
836 2271 937 2330 herede
952 2277 1042 2330 antem

67 2356 210 2431 possidere
225 2355 351 2427 videtur,
368 2359 415 2430 qni
430 2363 508 2430 putat
522 2375 552 2414 εε
568 2357 697 2414 heredem
712 2372 789 2414 esse:
816 2373 867 2430 pro
882 2373 1042 2432 possessore

67 2443 90 2496 is
106 2441 247 2515 possidet,
268 2443 315 2515 qni
338 2441 414 2498 nulio
441 2442 500 2498 iure
520 2459 577 2498 rem
597 2440 789 2498 hereditariam
803 2441 846 2498 vel
860 2444 941 2499 etiam
957 2449 1042 2498 totam
1084 2427 1090 2448 ‘

66 2525 246 2582 hereditatem
261 2527 367 2598 sciens,
382 2525 415 2582 ad
431 2543 461 2582 se
475 2543 531 2582 non
546 2528 698 2600 pertinere,
713 2525 845 2601 possidet.
875 2525 937 2584 ideo
953 2535 1042 2583 antean

68 2609 259 2694 adipiscendae
273 2611 455 2684 possessionis
470 2618 582 2667 vocatur
601 2610 791 2683 interdictum,
813 2611 915 2685 quinci
937 2617 1041 2668 tanturn

66 2694 136 2750 utile
151 2702 211 2766 est,
228 2696 275 2767 qni
290 2711 363 2751 nnnc
376 2697 494 2768 primurn
508 2701 623 2751 conatur
642 2695 753 2769 adipisci
772 2695 813 2752 rei
826 2695 1042 2769 possessionem:

66 2781 162 2852 itaque
177 2781 200 2834 si
216 2781 277 2852 quis
292 2778 407 2853 adeptus
428 2780 630 2852 possessionem
651 2781 769 2836 amiserit
789 2795 863 2851 eam,
884 2779 937 2836 hoo
959 2779 1043 2836 inter·

68 2863 176 2918 dictum
193 2865 218 2920 ei
237 2863 334 2920 inutile
357 2871 409 2920 εει.
452 2863 626 2920 interdictum
647 2879 773 2938 quoqne,
796 2862 871 2939 qnod
892 2861 1043 2938 appelletur

67 2947 245 3019 Sanianum,
272 2947 460 3020 adipiscendae
485 2949 667 3022 possessionis
694 2964 773 3004 cansa
795 2955 978 3023 comparatum
1001 2955 1042 3005 est

68 3048 159 3105 eoque
176 3033 264 3088 utitur
279 3032 405 3088 dominns
421 3031 498 3088 fundi
513 3031 547 3088 dc
562 3031 643 3089 rebus
659 3032 764 3104 coloni,
788 3049 854 3107 quas
869 3034 891 3090 is
907 3049 957 3107 pro
973 3049 1042 3090 mer·

66 3114 180 3172 oedibus
196 3115 275 3172 inndi
296 3117 405 3190 pignori
426 3115 530 3172 futuras
551 3117 711 3192 pepigisset.
748 3116 913 3174 detinendae
933 3121 1076 3190 posses-4

138 3328 159 3391 ¹)
177 3332 216 3380 sic
237 3329 349 3396 Tdeopd.
367 3330 458 3381 veluti
477 3345 537 3380 oum
556 3331 632 3383 codd.
652 3333 711 3384 edd.
792 3331 813 3396 ¹)
832 3333 872 3393 βξ,
890 3331 967 3386 2,,,7
982 3331 1042 3394 sm

66 3397 231 3517 awisis,
256 3399 317 3450 143.
338 3399 395 3452 144.
416 3400 472 3450 147.
492 3399 549 3451 148.
570 3400 637 3452 165¹.
658 3399 807 3453 149...154.
828 3401 885 3452 156.
906 3399 962 3452 160.
980 3414 1043 3464 par.

104 3563 513 3606 rvsrrnrnnr,inerrrvrrorrre
850 3553 888 3612 13
