2486 3916
173 161 213 225 78
374 175 411 212 nn
430 174 617 211 morsrcroso
636 174 819 210 rnorancsro
837 159 875 224 Π,
895 161 935 214 18.

172 319 270 374 mentis
285 317 412 388 luerunt,
428 333 489 372 cum
500 323 692 372 testamentum
706 316 872 372 ordinarent.
900 315 949 371 sad
961 316 1014 372 hoo
1028 315 1143 388 dicitur,

171 419 227 459 non
244 402 320 476 quasi
335 418 397 456 vere
414 394 550 458 furiosus¹
567 403 620 473 sit,
636 401 684 456 sed
698 407 774 458 recte
790 399 898 474 quidem
913 399 979 456 lecit
993 408 1143 456 testamen·

171 495 246 557 tum,
268 503 323 542 non
339 493 428 542 autern
452 501 485 542 ex
500 484 591 542 olficio
606 487 729 559 pietatis:
758 487 856 542 namsi
872 501 934 540 vere
950 485 1073 542 furiosus
1089 493 1142 556 est,

138 570 278 628 1nuhum
293 579 335 626 est
356 576 557 626 testamentum.
595 569 656 626 Non
676 577 782 626 tantum
802 577 893 626 autem
913 568 1005 626 liberis
1025 572 1142 644 permis-

172 671 231 710 sum
248 663 290 710 est
303 662 446 730 parentum
468 663 660 713 testamentum
679 653 862 712 inofficiosum
882 670 1022 726 accusare,
1046 671 1142 712 verum

172 741 252 796 etiarn
273 739 431 814 parentibus
452 739 607 796 liberorum.
646 755 726 795 soror
746 747 837 795 autem
858 746 887 794 et
906 739 991 794 irater
1012 737 1142 813 turpibus

170 826 296 899 personis
311 826 420 898 scriptis
435 823 580 880 heredibus
601 841 634 880 ex
654 825 737 880 sacris
758 822 1002 881 constitutionibus
1023 823 1140 896 praelati
1220 814 1222 829 ⁴

172 916 250 966 sunt:
277 926 332 964 non
347 925 414 982 ergo
440 917 536 964 contra
562 925 655 966 omnes
676 908 790 964 heredes
806 925 886 983 agere
900 915 1026 982 possunt.
1067 907 1140 964 ultra

172 993 271 1050 iratres
286 999 314 1048 et
329 1009 439 1048 sorores
454 995 564 1068 cognati
589 993 666 1050 nullo
692 992 774 1050 modo
796 1000 844 1048 aut
863 1009 944 1067 agere
959 1000 1079 1066 possunt
1093 1001 1142 1048 aut

138 1080 153 1128 2
172 1084 285 1152 agentes
299 1078 415 1134 vincere.
447 1078 511 1134 Tam
526 1085 615 1134 autem
630 1077 767 1134 naturales
781 1077 876 1149 liberi,
893 1093 973 1152 quam
987 1076 1141 1134 secundum
1220 1109 1221 1112 =

171 1168 281 1217 noshae
296 1154 523 1218 constitutionis²
546 1162 705 1219 divisionem
725 1162 846 1236 adoptati
867 1163 911 1218 ita
924 1161 1033 1218 demum
1049 1161 1084 1217 de
1099 1163 1139 1217 in·

172 1243 296 1301 ollicioso
311 1252 475 1303 testamento
490 1263 572 1321 agere
586 1255 719 1321 possunt,
741 1249 763 1302 si
778 1247 854 1304 nullo
876 1247 929 1302 alio
944 1248 1004 1302 iure
1018 1245 1053 1301 ad
1067 1245 1140 1302 hona
1217 1281 1221 1303 .

171 1329 294 1386 defuncti
307 1332 399 1387 venire
414 1339 540 1406 possunt.
578 1349 639 1389 narn
660 1333 707 1406 qui
727 1331 779 1388 alio
799 1331 860 1387 iure
874 1332 988 1387 veniunt
1002 1330 1035 1386 ad
1052 1337 1140 1386 totam

170 1414 348 1472 hereditatem
364 1415 407 1472 vel
420 1423 525 1490 partem
541 1419 613 1490 eius,
630 1417 663 1473 de
677 1414 832 1472 inofficioso
844 1432 925 1491 agere
939 1432 995 1472 non
1008 1423 1138 1489 possunt.

170 1502 291 1574 postumi
307 1517 435 1575 quoque,
458 1503 505 1576 qui
520 1501 596 1558 nullo
616 1502 668 1558 alio
683 1503 742 1558 iure
757 1502 849 1556 venire
863 1507 994 1574 possunt,
1017 1500 1052 1556 de
1067 1500 1138 1556 inol-

136 1589 152 1636 3
171 1583 265 1640 hcioso
281 1602 363 1659 agere
377 1595 503 1658 possunt.
540 1585 593 1642 Sed
614 1587 679 1642 haec
694 1588 732 1642 ita
754 1584 907 1660 accipienda
928 1592 1010 1656 sunt,
1031 1587 1055 1640 si
1070 1585 1138 1640 nihil

171 1670 209 1723 eis
224 1671 335 1741 penitus
347 1685 361 1723 a
373 1669 551 1726 testatoribus
567 1677 731 1728 testamento
743 1670 869 1726 relictum
880 1677 930 1726 est.
955 1662 1029 1744 quod
1041 1676 1138 1725 nostra

170 1744 353 1807 constitutio³
369 1751 401 1807 ad
416 1753 604 1808 verecundiam
618 1761 731 1811 naturae
742 1754 903 1814 introduxit
921 1755 962 1810 sin
973 1770 1038 1810 vero
1052 1769 1139 1828 quan·
1222 1743 1223 1748 ¹

169 1842 314 1909 tacumque
329 1853 391 1910 pars
406 1836 563 1894 hereditatis
584 1838 628 1894 vel
647 1855 692 1894 res
713 1840 752 1895 cis
767 1839 851 1895 luerit
865 1839 975 1910 relicta,
997 1838 1031 1894 de
1046 1836 1138 1894 inoffi·

170 1913 265 1975 cioso⁴
281 1920 391 1994 querela
407 1923 579 1996 quiescente,
595 1922 638 1996 id,
654 1923 728 1997 quod
743 1925 783 1980 eis
798 1923 889 1995 deest,
906 1939 992 1997 usque
1008 1922 1041 1978 ad
1058 1939 1136 1998 quar·

169 2011 223 2060 tarn
239 2003 375 2080 legitimae
389 2007 474 2081 partis
488 2007 626 2082 repletur,
647 2008 711 2064 licet
726 2025 782 2064 nou
797 2007 881 2064 fuerit
902 2007 1051 2078 adiectum,
1072 2007 1137 2062 boni

134 2091 219 2146 tviri
244 2090 374 2147 arbitratu
400 2091 499 2148 debere
526 2109 583 2150 cam
608 2093 716 2167 repleri.
763 2092 791 2149 Si
806 2099 884 2149 tutor
904 2093 1014 2148 nomine
1028 2091 1137 2166 pupilli,

169 2177 246 2232 cuius
263 2176 374 2232 tutelam
394 2177 521 2251 gerebat,
548 2194 581 2233 er
601 2184 764 2235 testamento
785 2179 870 2251 patris
891 2178 934 2233 sui
956 2177 1078 2250 legatum
1093 2192 1137 2231 ac·

168 2261 287 2332 ceperit,
302 2277 363 2315 cum
379 2261 445 2317 nihil
460 2268 519 2316 erat
534 2263 584 2335 ipsi
605 2265 691 2319 tutori
710 2262 835 2318 relictum
850 2279 865 2317 a
878 2268 957 2336 patra
972 2277 1035 2333 suo,
1050 2259 1135 2316 nihilo

168 2345 257 2397 minus
271 2346 360 2416 possit
374 2346 483 2400 nomine
495 2361 545 2400 suo
558 2345 591 2400 de
605 2345 759 2402 inofficioso
770 2347 856 2420 patris
869 2353 1033 2402 testamento
1043 2360 1132 2420 agere.

134 2431 150 2481 5
168 2425 221 2482 Sed
237 2433 265 2481 et
280 2427 303 2481 si
318 2443 333 2482 e
348 2429 486 2482 contrario
501 2427 598 2502 pupilli
612 2433 737 2504 nornine,
758 2432 801 2488 cui
816 2428 884 2486 riihil
899 2431 1025 2486 relictum
1040 2429 1134 2499 luerit,

168 2509 202 2566 de
216 2508 369 2567 inofficioso
386 2513 475 2586 egerit
489 2520 517 2568 et
532 2522 675 2588 superatus
691 2523 744 2588 est,
764 2517 822 2590 ipse
840 2515 914 2589 quod
929 2513 979 2570 sibi
994 2516 1023 2571 in
1039 2513 1135 2570 eodem

133 2601 149 2649 o
168 2601 333 2652 testamento
348 2595 469 2672 legatum
484 2598 610 2655 rehctum
623 2608 676 2672 est,
691 2617 747 2656 non
762 2601 871 2656 amittit.
907 2599 996 2674 Igitur
1011 2605 1134 2673 quartam

168 2681 230 2754 quis
257 2681 338 2738 debet
363 2681 479 2753 habere,
505 2691 537 2738 ut
562 2683 595 2739 de
616 2683 769 2740 inofficioso
795 2691 959 2740 testamento
981 2699 1064 2758 agere
1078 2699 1134 2739 non

166 2767 269 2837 possit:
285 2767 341 2822 sive
356 2767 415 2822 iure
430 2766 594 2824 hereditario
615 2770 671 2824 siva
691 2770 750 2824 iure
765 2769 850 2844 legati
864 2767 907 2824 vel
922 2767 1133 2838 fideicommissi,

166 2849 208 2903 vel
219 2851 241 2904 si
247 2852 344 2906 mortis
356 2867 436 2906 causa
452 2851 477 2906 ei
489 2859 583 2925 quarta
598 2851 696 2908 donata
711 2852 810 2926 luerit,
826 2853 867 2910 vel
879 2854 1038 2910 interrivos
1049 2853 1077 2908 in
1091 2852 1132 2908 his
1220 2899 1221 2902 .

167 2933 354 2990 tantummodo
376 2933 497 3008 casibus,
519 2953 635 3010 quorum
654 2944 749 2994 nostra
768 2931 949 2994 constitutio⁵
968 2938 1133 2993 mentionem

133 3023 148 3072 7
167 3015 247 3090 lacit,
262 3017 306 3074 vel
321 3017 379 3074 aliis
393 3019 498 3094 modis,
516 3023 562 3095 qui
577 3020 817 3080 constitutionibus
832 3023 1017 3079 continentur.
1055 3019 1132 3088 Quod

167 3130 370 3142 *-

235 3181 255 3248 1)
272 3185 401 3235 excidisse
418 3187 518 3236 uidetur
534 3191 655 3237 testatus
672 3188 707 3251 cf.
724 3189 784 3252 Περ.
802 3195 829 3238 et
843 3187 929 3252 Theop
930 3188 955 3236 b.
1006 3184 1028 3248 ²)
1046 3187 1081 3237 L.
1093 3187 1132 3238 10.

167 3251 195 3302 0.
222 3253 254 3302 de
272 3253 361 3316 adogit
390 3247 429 3318 (8,
448 3255 481 3303 47
500 3257 533 3305 at.
551 3253 605 3317 48).
708 3250 729 3322 ³)
747 3257 780 3306 L.
799 3257 841 3306 30.
860 3256 887 3306 G.
915 3257 947 3306 de
972 3255 1046 3319 inoff.
1073 3259 1130 3304 test.

165 3320 200 3384 (3,
222 3318 274 3383 28)
355 3317 428 3381 ⁴lde
447 3320 601 3372 inofficioso
616 3321 727 3386 Theoph.
747 3329 773 3372 et
791 3325 892 3388 quidam
908 3323 983 3373 codd.
1001 3322 1079 3384 infer.
1097 3321 1131 3370 de

163 3386 313 3438 inofficiosi
330 3389 404 3438 codd.
423 3395 472 3438 oet.
491 3388 957 3442 ed.Kr.1nollicros1attredSebr.
1010 3387 1131 3452 ⁵)L.3b.

164 3453 189 3512 ἓ.
207 3456 232 3505 2.
251 3455 280 3508 0.
299 3457 331 3506 de
348 3456 422 3520 inoff.
440 3461 498 3510 test.
517 3455 551 3519 (3,
569 3454 622 3520 28).
