<?xml version="1.0" encoding="UTF-8"?>
<!DOCTYPE html PUBLIC "-//W3C//DTD XHTML 1.0 Transitional//EN"
    "http://www.w3.org/TR/xhtml1/DTD/xhtml1-transitional.dtd">
<html xmlns="http://www.w3.org/1999/xhtml" xml:lang="en" lang="en">
 <head>
  <title>
</title>
<meta http-equiv="Content-Type" content="text/html;charset=utf-8" />
  <meta name='ocr-system' content='tesseract 3.04.00' />
  <meta name='ocr-capabilities' content='ocr_page ocr_carea ocr_par ocr_line ocrx_word'/>
</head>
<body>
  <div class='ocr_page' id='page_1' title='image "./impivstinianiin00huscgoog_0140.png"; bbox 0 0 2484 3916; ppageno 0'>
   <div class='ocr_carea' id='block_1_1' title="bbox 262 198 1050 261">
    <p class='ocr_par' dir='ltr' id='par_1_1' title="bbox 262 198 1050 261">
     <span class='ocr_line' id='line_1_1' title="bbox 262 198 1050 261; baseline 0.006 -15"><span class='ocrx_word' id='word_1_1' title='bbox 262 209 297 246; x_wconf 82' lang='lat' dir='ltr'><strong>un</strong></span> <span class='ocrx_word' id='word_1_2' title='bbox 317 211 389 246; x_wconf 79' lang='lat' dir='ltr'><strong>neca</strong></span> <span class='ocrx_word' id='word_1_3' title='bbox 407 211 629 248; x_wconf 73' lang='lat' dir='ltr'><strong>surrecturum</strong></span> <span class='ocrx_word' id='word_1_4' title='bbox 648 211 775 248; x_wconf 72' lang='lat' dir='ltr'><strong>summurn</strong></span> <span class='ocrx_word' id='word_1_5' title='bbox 795 199 818 261; x_wconf 87' lang='lat' dir='ltr'><strong>I,</strong></span> <span class='ocrx_word' id='word_1_6' title='bbox 838 202 863 258; x_wconf 82' lang='lat' dir='ltr'><strong>t,</strong></span> <span class='ocrx_word' id='word_1_7' title='bbox 1011 198 1050 260; x_wconf 88' lang='grc'><strong>11</strong></span> 
     </span>
    </p>
   </div>
   <div class='ocr_carea' id='block_1_2' title="bbox 6 344 1085 1946">
    <p class='ocr_par' dir='ltr' id='par_1_2' title="bbox 6 344 1085 1946">
     <span class='ocr_line' id='line_1_2' title="bbox 80 344 1084 430; baseline 0.002 -22"><span class='ocrx_word' id='word_1_8' title='bbox 80 359 109 408; x_wconf 82' lang='grc'><strong>61</strong></span> <span class='ocrx_word' id='word_1_9' title='bbox 124 344 237 406; x_wconf 73' lang='grc'><strong>616666]1</strong></span> <span class='ocrx_word' id='word_1_10' title='bbox 254 353 330 406; x_wconf 91' lang='lat' dir='ltr'><strong>annis</strong></span> <span class='ocrx_word' id='word_1_11' title='bbox 346 353 559 409; x_wconf 76' lang='lat' dir='ltr'><strong>manumittatur.</strong></span> <span class='ocrx_word' id='word_1_12' title='bbox 587 353 675 409; x_wconf 89' lang='lat' dir='ltr'><strong>Semel</strong></span> <span class='ocrx_word' id='word_1_13' title='bbox 691 363 780 412; x_wconf 86' lang='lat' dir='ltr'><strong>autem</strong></span> <span class='ocrx_word' id='word_1_14' title='bbox 796 371 875 412; x_wconf 87' lang='lat' dir='ltr'><strong>cansa</strong></span> <span class='ocrx_word' id='word_1_15' title='bbox 890 353 1049 430; x_wconf 92' lang='lat' dir='ltr'><strong>adprobata,</strong></span> <span class='ocrx_word' id='word_1_16' title='bbox 1068 369 1084 419; x_wconf 79' lang='lat' dir='ltr'><strong>a</strong></span> 
     </span>
     <span class='ocr_line' id='line_1_3' title="bbox 81 435 695 507; baseline 0.007 -17"><span class='ocrx_word' id='word_1_17' title='bbox 81 437 139 490; x_wconf 91' lang='lat' dir='ltr'><strong>sive</strong></span> <span class='ocrx_word' id='word_1_18' title='bbox 154 451 217 490; x_wconf 88' lang='lat' dir='ltr'><strong>vera</strong></span> <span class='ocrx_word' id='word_1_19' title='bbox 232 437 289 492; x_wconf 89' lang='lat' dir='ltr'><strong>sive</strong></span> <span class='ocrx_word' id='word_1_20' title='bbox 304 435 371 492; x_wconf 87' lang='lat' dir='ltr'><strong>lalsa</strong></span> <span class='ocrx_word' id='word_1_21' title='bbox 385 438 436 507; x_wconf 91' lang='lat' dir='ltr'><strong>sit,</strong></span> <span class='ocrx_word' id='word_1_22' title='bbox 452 454 507 492; x_wconf 92' lang='lat' dir='ltr'><strong>non</strong></span> <span class='ocrx_word' id='word_1_23' title='bbox 523 444 695 494; x_wconf 76' lang='lat' dir='ltr'><strong>retractatur.</strong></span> 
     </span>
     <span class='ocr_line' id='line_1_4' title="bbox 145 512 1085 598; baseline 0.004 -24"><span class='ocrx_word' id='word_1_24' title='bbox 145 512 231 576; x_wconf 81' lang='lat' dir='ltr'><strong>²Cum</strong></span> <span class='ocrx_word' id='word_1_25' title='bbox 247 537 315 594; x_wconf 77' lang='lat' dir='ltr'><strong>ergo</strong></span> <span class='ocrx_word' id='word_1_26' title='bbox 336 527 427 576; x_wconf 90' lang='lat' dir='ltr'><strong>certus</strong></span> <span class='ocrx_word' id='word_1_27' title='bbox 449 522 546 578; x_wconf 89' lang='lat' dir='ltr'><strong>modus</strong></span> <span class='ocrx_word' id='word_1_28' title='bbox 568 519 780 578; x_wconf 79' lang='lat' dir='ltr'><strong>manumittendi</strong></span> <span class='ocrx_word' id='word_1_29' title='bbox 792 523 939 580; x_wconf 91' lang='lat' dir='ltr'><strong>minoribus</strong></span> <span class='ocrx_word' id='word_1_30' title='bbox 956 525 1050 598; x_wconf 82' lang='lat' dir='ltr'><strong>viginti</strong></span> <span class='ocrx_word' id='word_1_31' title='bbox 1070 538 1085 587; x_wconf 75' lang='lat' dir='ltr'><strong>&#39;l</strong></span> 
     </span>
     <span class='ocr_line' id='line_1_5' title="bbox 80 603 1050 680; baseline 0.004 -20"><span class='ocrx_word' id='word_1_32' title='bbox 80 605 158 660; x_wconf 89' lang='lat' dir='ltr'><strong>annis</strong></span> <span class='ocrx_word' id='word_1_33' title='bbox 180 603 295 660; x_wconf 90' lang='lat' dir='ltr'><strong>dominis</strong></span> <span class='ocrx_word' id='word_1_34' title='bbox 315 621 365 678; x_wconf 91' lang='lat' dir='ltr'><strong>per</strong></span> <span class='ocrx_word' id='word_1_35' title='bbox 384 605 474 679; x_wconf 85' lang='lat' dir='ltr'><strong>legem</strong></span> <span class='ocrx_word' id='word_1_36' title='bbox 489 605 590 662; x_wconf 83' lang='lat' dir='ltr'><strong>Aeliam</strong></span> <span class='ocrx_word' id='word_1_37' title='bbox 606 605 725 662; x_wconf 80' lang='lat' dir='ltr'><strong>Sentium</strong></span> <span class='ocrx_word' id='word_1_38' title='bbox 740 609 905 664; x_wconf 84' lang='lat' dir='ltr'><strong>constitutus</strong></span> <span class='ocrx_word' id='word_1_39' title='bbox 921 610 972 680; x_wconf 92' lang='lat' dir='ltr'><strong>sit,</strong></span> <span class='ocrx_word' id='word_1_40' title='bbox 989 625 1050 664; x_wconf 91' lang='lat' dir='ltr'><strong>eve·</strong></span> 
     </span>
     <span class='ocr_line' id='line_1_6' title="bbox 82 687 1051 765; baseline 0.004 -21"><span class='ocrx_word' id='word_1_41' title='bbox 82 687 188 759; x_wconf 87' lang='lat' dir='ltr'><strong>aiebat,</strong></span> <span class='ocrx_word' id='word_1_42' title='bbox 211 697 257 760; x_wconf 90' lang='lat' dir='ltr'><strong>ut,</strong></span> <span class='ocrx_word' id='word_1_43' title='bbox 285 690 330 762; x_wconf 92' lang='lat' dir='ltr'><strong>qui</strong></span> <span class='ocrx_word' id='word_1_44' title='bbox 353 689 570 764; x_wconf 88' lang='lat' dir='ltr'><strong>quattuordecim</strong></span> <span class='ocrx_word' id='word_1_45' title='bbox 591 707 676 746; x_wconf 89' lang='lat' dir='ltr'><strong>annos</strong></span> <span class='ocrx_word' id='word_1_46' title='bbox 692 691 786 746; x_wconf 83' lang='lat' dir='ltr'><strong>aetatis</strong></span> <span class='ocrx_word' id='word_1_47' title='bbox 803 693 966 765; x_wconf 81' lang='lat' dir='ltr'><strong>expleverit,</strong></span> <span class='ocrx_word' id='word_1_48' title='bbox 988 692 1051 748; x_wconf 87' lang='lat' dir='ltr'><strong>licet</strong></span> 
     </span>
     <span class='ocr_line' id='line_1_7' title="bbox 80 771 1051 847; baseline 0.004 -19"><span class='ocrx_word' id='word_1_49' title='bbox 80 779 274 828; x_wconf 90' lang='lat' dir='ltr'><strong>testamentum</strong></span> <span class='ocrx_word' id='word_1_50' title='bbox 299 771 388 830; x_wconf 82' lang='lat' dir='ltr'><strong>lacere</strong></span> <span class='ocrx_word' id='word_1_51' title='bbox 414 775 502 847; x_wconf 88' lang='lat' dir='ltr'><strong>possit</strong></span> <span class='ocrx_word' id='word_1_52' title='bbox 528 781 556 830; x_wconf 90' lang='lat' dir='ltr'><strong>et</strong></span> <span class='ocrx_word' id='word_1_53' title='bbox 582 776 609 830; x_wconf 89' lang='lat' dir='ltr'><strong>in</strong></span> <span class='ocrx_word' id='word_1_54' title='bbox 634 789 667 830; x_wconf 93' lang='lat' dir='ltr'><strong>eo</strong></span> <span class='ocrx_word' id='word_1_55' title='bbox 689 774 816 831; x_wconf 84' lang='lat' dir='ltr'><strong>heredem</strong></span> <span class='ocrx_word' id='word_1_56' title='bbox 837 775 888 832; x_wconf 91' lang='lat' dir='ltr'><strong>sibi</strong></span> <span class='ocrx_word' id='word_1_57' title='bbox 908 777 1051 832; x_wconf 83' lang='lat' dir='ltr'><strong>instituere</strong></span> 
     </span>
     <span class='ocr_line' id='line_1_8' title="bbox 81 857 1051 932; baseline 0.003 -20"><span class='ocrx_word' id='word_1_58' title='bbox 81 857 226 930; x_wconf 81' lang='lat' dir='ltr'><strong>legataque</strong></span> <span class='ocrx_word' id='word_1_59' title='bbox 242 857 396 930; x_wconf 84' lang='lat' dir='ltr'><strong>relinquere</strong></span> <span class='ocrx_word' id='word_1_60' title='bbox 415 860 519 932; x_wconf 90' lang='lat' dir='ltr'><strong>possit,</strong></span> <span class='ocrx_word' id='word_1_61' title='bbox 539 865 645 930; x_wconf 89' lang='lat' dir='ltr'><strong>tamen,</strong></span> <span class='ocrx_word' id='word_1_62' title='bbox 668 861 691 915; x_wconf 92' lang='lat' dir='ltr'><strong>si</strong></span> <span class='ocrx_word' id='word_1_63' title='bbox 711 859 799 916; x_wconf 87' lang='lat' dir='ltr'><strong>adbuc</strong></span> <span class='ocrx_word' id='word_1_64' title='bbox 819 862 908 916; x_wconf 88' lang='lat' dir='ltr'><strong>minor</strong></span> <span class='ocrx_word' id='word_1_65' title='bbox 922 862 959 916; x_wconf 91' lang='lat' dir='ltr'><strong>sit</strong></span> <span class='ocrx_word' id='word_1_66' title='bbox 974 862 1051 916; x_wconf 84' lang='lat' dir='ltr'><strong>annis</strong></span> 
     </span>
     <span class='ocr_line' id='line_1_9' title="bbox 81 941 1052 1018; baseline 0.007 -23"><span class='ocrx_word' id='word_1_67' title='bbox 81 943 193 1015; x_wconf 80' lang='lat' dir='ltr'><strong>viginti,</strong></span> <span class='ocrx_word' id='word_1_68' title='bbox 214 941 368 998; x_wconf 87' lang='lat' dir='ltr'><strong>libertatem</strong></span> <span class='ocrx_word' id='word_1_69' title='bbox 387 959 466 1000; x_wconf 89' lang='lat' dir='ltr'><strong>servo</strong></span> <span class='ocrx_word' id='word_1_70' title='bbox 493 942 557 998; x_wconf 88' lang='lat' dir='ltr'><strong>dare</strong></span> <span class='ocrx_word' id='word_1_71' title='bbox 578 960 634 1000; x_wconf 89' lang='lat' dir='ltr'><strong>non</strong></span> <span class='ocrx_word' id='word_1_72' title='bbox 659 950 777 1017; x_wconf 87' lang='lat' dir='ltr'><strong>poterat.</strong></span> <span class='ocrx_word' id='word_1_73' title='bbox 821 944 896 1018; x_wconf 93' lang='lat' dir='ltr'><strong>quod</strong></span> <span class='ocrx_word' id='word_1_74' title='bbox 918 961 974 1000; x_wconf 90' lang='lat' dir='ltr'><strong>nou</strong></span> <span class='ocrx_word' id='word_1_75' title='bbox 994 953 1052 1002; x_wconf 89' lang='lat' dir='ltr'><strong>erat</strong></span> 
     </span>
     <span class='ocr_line' id='line_1_10' title="bbox 82 1018 1052 1102; baseline 0.004 -22"><span class='ocrx_word' id='word_1_76' title='bbox 82 1025 240 1098; x_wconf 86' lang='lat' dir='ltr'><strong>ferendum,</strong></span> <span class='ocrx_word' id='word_1_77' title='bbox 262 1018 304 1081; x_wconf 82' lang='lat' dir='ltr'><strong>si³</strong></span> <span class='ocrx_word' id='word_1_78' title='bbox 325 1029 364 1098; x_wconf 90' lang='lat' dir='ltr'><strong>is,</strong></span> <span class='ocrx_word' id='word_1_79' title='bbox 385 1029 428 1082; x_wconf 92' lang='lat' dir='ltr'><strong>cui</strong></span> <span class='ocrx_word' id='word_1_80' title='bbox 443 1035 567 1084; x_wconf 92' lang='lat' dir='ltr'><strong>totorum</strong></span> <span class='ocrx_word' id='word_1_81' title='bbox 580 1027 715 1084; x_wconf 90' lang='lat' dir='ltr'><strong>bonorum</strong></span> <span class='ocrx_word' id='word_1_82' title='bbox 737 1029 765 1084; x_wconf 89' lang='lat' dir='ltr'><strong>in</strong></span> <span class='ocrx_word' id='word_1_83' title='bbox 780 1035 944 1084; x_wconf 87' lang='lat' dir='ltr'><strong>testamento</strong></span> <span class='ocrx_word' id='word_1_84' title='bbox 960 1028 1052 1102; x_wconf 92' lang='lat' dir='ltr'><strong>dispo·</strong></span> 
     </span>
     <span class='ocr_line' id='line_1_11' title="bbox 81 1109 1049 1187; baseline 0.004 -23"><span class='ocrx_word' id='word_1_85' title='bbox 81 1111 145 1165; x_wconf 90' lang='lat' dir='ltr'><strong>sitio</strong></span> <span class='ocrx_word' id='word_1_86' title='bbox 162 1109 222 1166; x_wconf 89' lang='lat' dir='ltr'><strong>data</strong></span> <span class='ocrx_word' id='word_1_87' title='bbox 237 1118 310 1182; x_wconf 87' lang='lat' dir='ltr'><strong>erat,</strong></span> <span class='ocrx_word' id='word_1_88' title='bbox 331 1112 378 1166; x_wconf 89' lang='lat' dir='ltr'><strong>uni</strong></span> <span class='ocrx_word' id='word_1_89' title='bbox 398 1128 477 1170; x_wconf 91' lang='lat' dir='ltr'><strong>servo</strong></span> <span class='ocrx_word' id='word_1_90' title='bbox 500 1110 653 1168; x_wconf 89' lang='lat' dir='ltr'><strong>libertatem</strong></span> <span class='ocrx_word' id='word_1_91' title='bbox 674 1112 737 1168; x_wconf 88' lang='lat' dir='ltr'><strong>dare</strong></span> <span class='ocrx_word' id='word_1_92' title='bbox 758 1129 814 1170; x_wconf 91' lang='lat' dir='ltr'><strong>non</strong></span> <span class='ocrx_word' id='word_1_93' title='bbox 834 1111 1049 1187; x_wconf 82' lang='lat' dir='ltr'><strong>permittebatur.</strong></span> 
     </span>
     <span class='ocr_line' id='line_1_12' title="bbox 82 1196 1051 1270; baseline 0.003 -21"><span class='ocrx_word' id='word_1_94' title='bbox 82 1211 167 1268; x_wconf 90' lang='lat' dir='ltr'><strong>quare</strong></span> <span class='ocrx_word' id='word_1_95' title='bbox 193 1211 244 1250; x_wconf 92' lang='lat' dir='ltr'><strong>nos</strong></span> <span class='ocrx_word' id='word_1_96' title='bbox 268 1196 394 1252; x_wconf 89' lang='lat' dir='ltr'><strong>similiter</strong></span> <span class='ocrx_word' id='word_1_97' title='bbox 419 1197 443 1252; x_wconf 88' lang='lat' dir='ltr'><strong>ei</strong></span> <span class='ocrx_word' id='word_1_98' title='bbox 465 1196 691 1270; x_wconf 90' lang='lat' dir='ltr'><strong>quemadmodum</strong></span> <span class='ocrx_word' id='word_1_99' title='bbox 713 1197 776 1254; x_wconf 87' lang='lat' dir='ltr'><strong>alias</strong></span> <span class='ocrx_word' id='word_1_100' title='bbox 803 1215 847 1254; x_wconf 89' lang='lat' dir='ltr'><strong>res</strong></span> <span class='ocrx_word' id='word_1_101' title='bbox 863 1199 900 1254; x_wconf 89' lang='lat' dir='ltr'><strong>ita</strong></span> <span class='ocrx_word' id='word_1_102' title='bbox 914 1205 942 1254; x_wconf 92' lang='lat' dir='ltr'><strong>et</strong></span> <span class='ocrx_word' id='word_1_103' title='bbox 956 1213 1051 1252; x_wconf 87' lang='lat' dir='ltr'><strong>servos</strong></span> 
     </span>
     <span class='ocr_line' id='line_1_13' title="bbox 81 1279 1051 1354; baseline 0.002 -20"><span class='ocrx_word' id='word_1_104' title='bbox 81 1295 146 1334; x_wconf 91' lang='lat' dir='ltr'><strong>suos</strong></span> <span class='ocrx_word' id='word_1_105' title='bbox 167 1279 196 1334; x_wconf 90' lang='lat' dir='ltr'><strong>in</strong></span> <span class='ocrx_word' id='word_1_106' title='bbox 217 1279 310 1335; x_wconf 91' lang='lat' dir='ltr'><strong>ultima</strong></span> <span class='ocrx_word' id='word_1_107' title='bbox 330 1279 472 1336; x_wconf 89' lang='lat' dir='ltr'><strong>voluntate</strong></span> <span class='ocrx_word' id='word_1_108' title='bbox 492 1280 654 1354; x_wconf 84' lang='lat' dir='ltr'><strong>disponere,</strong></span> <span class='ocrx_word' id='word_1_109' title='bbox 677 1281 902 1354; x_wconf 87' lang='lat' dir='ltr'><strong>quemadmodum</strong></span> <span class='ocrx_word' id='word_1_110' title='bbox 923 1281 1051 1351; x_wconf 90' lang='lat' dir='ltr'><strong>volucrit,</strong></span> 
     </span>
     <span class='ocr_line' id='line_1_14' title="bbox 81 1363 1051 1438; baseline 0.002 -20"><span class='ocrx_word' id='word_1_111' title='bbox 81 1364 280 1436; x_wconf 85' lang='lat' dir='ltr'><strong>permittimus,</strong></span> <span class='ocrx_word' id='word_1_112' title='bbox 302 1372 333 1419; x_wconf 91' lang='lat' dir='ltr'><strong>ut</strong></span> <span class='ocrx_word' id='word_1_113' title='bbox 354 1373 382 1420; x_wconf 90' lang='lat' dir='ltr'><strong>et</strong></span> <span class='ocrx_word' id='word_1_114' title='bbox 401 1363 554 1428; x_wconf 84' lang='lat' dir='ltr'><strong>libertatem</strong></span> <span class='ocrx_word' id='word_1_115' title='bbox 574 1367 613 1421; x_wconf 90' lang='lat' dir='ltr'><strong>eis</strong></span> <span class='ocrx_word' id='word_1_116' title='bbox 633 1367 721 1438; x_wconf 87' lang='lat' dir='ltr'><strong>possit</strong></span> <span class='ocrx_word' id='word_1_117' title='bbox 741 1374 888 1438; x_wconf 91' lang='lat' dir='ltr'><strong>praestare.</strong></span> <span class='ocrx_word' id='word_1_118' title='bbox 926 1365 974 1422; x_wconf 90' lang='lat' dir='ltr'><strong>sed</strong></span> <span class='ocrx_word' id='word_1_119' title='bbox 990 1382 1051 1421; x_wconf 90' lang='lat' dir='ltr'><strong>cum</strong></span> 
     </span>
     <span class='ocr_line' id='line_1_15' title="bbox 82 1446 1051 1522; baseline 0 -20"><span class='ocrx_word' id='word_1_120' title='bbox 82 1446 192 1504; x_wconf 90' lang='lat' dir='ltr'><strong>libertas</strong></span> <span class='ocrx_word' id='word_1_121' title='bbox 208 1447 408 1504; x_wconf 89' lang='lat' dir='ltr'><strong>inaestimabilis</strong></span> <span class='ocrx_word' id='word_1_122' title='bbox 421 1457 464 1504; x_wconf 91' lang='lat' dir='ltr'><strong>cst</strong></span> <span class='ocrx_word' id='word_1_123' title='bbox 479 1457 507 1504; x_wconf 88' lang='lat' dir='ltr'><strong>ct</strong></span> <span class='ocrx_word' id='word_1_124' title='bbox 520 1457 634 1522; x_wconf 91' lang='lat' dir='ltr'><strong>propter</strong></span> <span class='ocrx_word' id='word_1_125' title='bbox 643 1451 696 1504; x_wconf 90' lang='lat' dir='ltr'><strong>hoc</strong></span> <span class='ocrx_word' id='word_1_126' title='bbox 711 1457 773 1506; x_wconf 89' lang='lat' dir='ltr'><strong>ante</strong></span> <span class='ocrx_word' id='word_1_127' title='bbox 785 1451 941 1506; x_wconf 86' lang='lat' dir='ltr'><strong>vicesimum</strong></span> <span class='ocrx_word' id='word_1_128' title='bbox 956 1450 1051 1504; x_wconf 86' lang='lat' dir='ltr'><strong>aetatis</strong></span> 
     </span>
     <span class='ocr_line' id='line_1_16' title="bbox 82 1532 1051 1607; baseline 0.001 -21"><span class='ocrx_word' id='word_1_129' title='bbox 82 1548 181 1588; x_wconf 88' lang='lat' dir='ltr'><strong>annum</strong></span> <span class='ocrx_word' id='word_1_130' title='bbox 197 1534 342 1605; x_wconf 87' lang='lat' dir='ltr'><strong>antiquitas</strong></span> <span class='ocrx_word' id='word_1_131' title='bbox 363 1533 515 1590; x_wconf 87' lang='lat' dir='ltr'><strong>libertatem</strong></span> <span class='ocrx_word' id='word_1_132' title='bbox 535 1549 615 1590; x_wconf 89' lang='lat' dir='ltr'><strong>servo</strong></span> <span class='ocrx_word' id='word_1_133' title='bbox 636 1533 692 1590; x_wconf 86' lang='lat' dir='ltr'><strong>dari</strong></span> <span class='ocrx_word' id='word_1_134' title='bbox 710 1532 886 1607; x_wconf 90' lang='lat' dir='ltr'><strong>prohibebat:</strong></span> <span class='ocrx_word' id='word_1_135' title='bbox 912 1533 973 1588; x_wconf 89' lang='lat' dir='ltr'><strong>ideo</strong></span> <span class='ocrx_word' id='word_1_136' title='bbox 989 1549 1051 1602; x_wconf 90' lang='lat' dir='ltr'><strong>nos,</strong></span> 
     </span>
     <span class='ocr_line' id='line_1_17' title="bbox 80 1610 1053 1693; baseline 0 -21"><span class='ocrx_word' id='word_1_137' title='bbox 80 1615 196 1672; x_wconf 90' lang='lat' dir='ltr'><strong>mediam</strong></span> <span class='ocrx_word' id='word_1_138' title='bbox 212 1617 411 1690; x_wconf 88' lang='lat' dir='ltr'><strong>quodammodo</strong></span> <span class='ocrx_word' id='word_1_139' title='bbox 426 1619 495 1673; x_wconf 88' lang='lat' dir='ltr'><strong>viam</strong></span> <span class='ocrx_word' id='word_1_140' title='bbox 510 1617 658 1693; x_wconf 80' lang='lat' dir='ltr'><strong>eligentes,</strong></span> <span class='ocrx_word' id='word_1_141' title='bbox 680 1634 736 1674; x_wconf 88' lang='lat' dir='ltr'><strong>non</strong></span> <span class='ocrx_word' id='word_1_142' title='bbox 751 1617 830 1674; x_wconf 89' lang='lat' dir='ltr'><strong>aliter</strong></span> <span class='ocrx_word' id='word_1_143' title='bbox 844 1617 942 1674; x_wconf 90' lang='lat' dir='ltr'><strong>minori</strong></span> <span class='ocrx_word' id='word_1_144' title='bbox 956 1610 1053 1690; x_wconf 80' lang='lat' dir='ltr'><strong>viginti</strong></span> 
     </span>
     <span class='ocr_line' id='line_1_18' title="bbox 81 1699 1052 1772; baseline 0 -16"><span class='ocrx_word' id='word_1_145' title='bbox 81 1702 158 1756; x_wconf 88' lang='lat' dir='ltr'><strong>annis</strong></span> <span class='ocrx_word' id='word_1_146' title='bbox 174 1699 328 1758; x_wconf 89' lang='lat' dir='ltr'><strong>libertatem</strong></span> <span class='ocrx_word' id='word_1_147' title='bbox 342 1703 371 1757; x_wconf 92' lang='lat' dir='ltr'><strong>in</strong></span> <span class='ocrx_word' id='word_1_148' title='bbox 386 1709 550 1758; x_wconf 89' lang='lat' dir='ltr'><strong>testamento</strong></span> <span class='ocrx_word' id='word_1_149' title='bbox 565 1702 629 1758; x_wconf 86' lang='lat' dir='ltr'><strong>dare</strong></span> <span class='ocrx_word' id='word_1_150' title='bbox 641 1719 720 1758; x_wconf 91' lang='lat' dir='ltr'><strong>servo</strong></span> <span class='ocrx_word' id='word_1_151' title='bbox 737 1719 788 1760; x_wconf 92' lang='lat' dir='ltr'><strong>suo</strong></span> <span class='ocrx_word' id='word_1_152' title='bbox 801 1701 984 1772; x_wconf 76' lang='lat' dir='ltr'><strong>concedimus,</strong></span> <span class='ocrx_word' id='word_1_153' title='bbox 1001 1701 1052 1758; x_wconf 91' lang='lat' dir='ltr'><strong>nisi</strong></span> 
     </span>
     <span class='ocr_line' id='line_1_19' title="bbox 81 1785 1051 1860; baseline 0.002 -20"><span class='ocrx_word' id='word_1_154' title='bbox 81 1787 229 1858; x_wconf 91' lang='lat' dir='ltr'><strong>septimum</strong></span> <span class='ocrx_word' id='word_1_155' title='bbox 251 1794 278 1841; x_wconf 90' lang='lat' dir='ltr'><strong>et</strong></span> <span class='ocrx_word' id='word_1_156' title='bbox 294 1785 427 1842; x_wconf 88' lang='lat' dir='ltr'><strong>decimum</strong></span> <span class='ocrx_word' id='word_1_157' title='bbox 443 1803 543 1842; x_wconf 88' lang='lat' dir='ltr'><strong>annum</strong></span> <span class='ocrx_word' id='word_1_158' title='bbox 562 1786 714 1860; x_wconf 83' lang='lat' dir='ltr'><strong>impleverit</strong></span> <span class='ocrx_word' id='word_1_159' title='bbox 729 1794 757 1843; x_wconf 92' lang='lat' dir='ltr'><strong>et</strong></span> <span class='ocrx_word' id='word_1_160' title='bbox 778 1794 901 1842; x_wconf 90' lang='lat' dir='ltr'><strong>octavum</strong></span> <span class='ocrx_word' id='word_1_161' title='bbox 917 1786 1051 1842; x_wconf 87' lang='lat' dir='ltr'><strong>decimum</strong></span> 
     </span>
     <span class='ocr_line' id='line_1_20' title="bbox 6 1870 1051 1946; baseline 0 -22"><span class='ocrx_word' id='word_1_162' title='bbox 6 1931 7 1946; x_wconf 67' lang='lat'><strong>.</strong></span> <span class='ocrx_word' id='word_1_163' title='bbox 80 1871 215 1943; x_wconf 82' lang='lat' dir='ltr'><strong>tetigerit.</strong></span> <span class='ocrx_word' id='word_1_164' title='bbox 254 1871 407 1946; x_wconf 84' lang='lat' dir='ltr'><strong>cumenim</strong></span> <span class='ocrx_word' id='word_1_165' title='bbox 428 1871 574 1944; x_wconf 88' lang='lat' dir='ltr'><strong>antiquitas</strong></span> <span class='ocrx_word' id='word_1_166' title='bbox 594 1871 750 1928; x_wconf 83' lang='lat' dir='ltr'><strong>huiusmodi</strong></span> <span class='ocrx_word' id='word_1_167' title='bbox 773 1873 853 1927; x_wconf 89' lang='lat' dir='ltr'><strong>aetati</strong></span> <span class='ocrx_word' id='word_1_168' title='bbox 874 1879 901 1926; x_wconf 94' lang='lat' dir='ltr'><strong>et</strong></span> <span class='ocrx_word' id='word_1_169' title='bbox 921 1887 971 1944; x_wconf 95' lang='lat' dir='ltr'><strong>pro</strong></span> <span class='ocrx_word' id='word_1_170' title='bbox 993 1870 1051 1925; x_wconf 89' lang='lat' dir='ltr'><strong>aliis</strong></span> 
     </span>
    </p>
   </div>
   <div class='ocr_carea' id='block_1_3' title="bbox 6 1947 1051 2196">
    <p class='ocr_par' dir='ltr' id='par_1_3' title="bbox 6 1947 1051 2196">
     <span class='ocr_line' id='line_1_21' title="bbox 6 1947 1050 2027; baseline -0.002 -17"><span class='ocrx_word' id='word_1_171' title='bbox 6 1947 7 1990; x_wconf 61' lang='lat'><em>³</em></span> <span class='ocrx_word' id='word_1_172' title='bbox 80 1953 223 2027; x_wconf 87' lang='lat' dir='ltr'><strong>postulare</strong></span> <span class='ocrx_word' id='word_1_173' title='bbox 245 1956 396 2026; x_wconf 86' lang='lat' dir='ltr'><strong>concessit,</strong></span> <span class='ocrx_word' id='word_1_174' title='bbox 421 1972 469 2010; x_wconf 92' lang='lat' dir='ltr'><strong>cur</strong></span> <span class='ocrx_word' id='word_1_175' title='bbox 494 1971 551 2010; x_wconf 91' lang='lat' dir='ltr'><strong>non</strong></span> <span class='ocrx_word' id='word_1_176' title='bbox 573 1957 652 2011; x_wconf 90' lang='lat' dir='ltr'><strong>etiam</strong></span> <span class='ocrx_word' id='word_1_177' title='bbox 672 1957 715 2012; x_wconf 92' lang='lat' dir='ltr'><strong>sui</strong></span> <span class='ocrx_word' id='word_1_178' title='bbox 731 1949 840 2012; x_wconf 76' lang='lat' dir='ltr'><strong>⁴iudicii</strong></span> <span class='ocrx_word' id='word_1_179' title='bbox 868 1954 999 2010; x_wconf 88' lang='lat' dir='ltr'><strong>stabilitas</strong></span> <span class='ocrx_word' id='word_1_180' title='bbox 1014 1955 1050 2009; x_wconf 92' lang='lat' dir='ltr'><strong>ita</strong></span> 
     </span>
     <span class='ocr_line' id='line_1_22' title="bbox 80 2037 1051 2110; baseline 0 -16"><span class='ocrx_word' id='word_1_181' title='bbox 80 2055 127 2094; x_wconf 90' lang='lat' dir='ltr'><strong>eos</strong></span> <span class='ocrx_word' id='word_1_182' title='bbox 144 2037 271 2094; x_wconf 87' lang='lat' dir='ltr'><strong>adiuvare</strong></span> <span class='ocrx_word' id='word_1_183' title='bbox 292 2039 433 2110; x_wconf 89' lang='lat' dir='ltr'><strong>credatur,</strong></span> <span class='ocrx_word' id='word_1_184' title='bbox 455 2047 485 2100; x_wconf 86' lang='lat' dir='ltr'><strong>ut</strong></span> <span class='ocrx_word' id='word_1_185' title='bbox 506 2037 534 2095; x_wconf 85' lang='lat' dir='ltr'><strong>et</strong></span> <span class='ocrx_word' id='word_1_186' title='bbox 554 2037 587 2094; x_wconf 90' lang='lat' dir='ltr'><strong>ad</strong></span> <span class='ocrx_word' id='word_1_187' title='bbox 607 2038 746 2096; x_wconf 90' lang='lat' dir='ltr'><strong>libertates</strong></span> <span class='ocrx_word' id='word_1_188' title='bbox 768 2039 867 2094; x_wconf 91' lang='lat' dir='ltr'><strong>dandas</strong></span> <span class='ocrx_word' id='word_1_189' title='bbox 888 2041 973 2094; x_wconf 88' lang='lat' dir='ltr'><strong>servis</strong></span> <span class='ocrx_word' id='word_1_190' title='bbox 995 2040 1051 2094; x_wconf 92' lang='lat' dir='ltr'><strong>suis</strong></span> 
     </span>
     <span class='ocr_line' id='line_1_23' title="bbox 79 2124 356 2196; baseline 0.004 -18"><span class='ocrx_word' id='word_1_191' title='bbox 79 2124 189 2196; x_wconf 90' lang='lat' dir='ltr'><strong>possint</strong></span> <span class='ocrx_word' id='word_1_192' title='bbox 203 2125 356 2196; x_wconf 91' lang='lat' dir='ltr'><strong>provenire.</strong></span> 
     </span>
    </p>
   </div>
   <div class='ocr_carea' id='block_1_4' title="bbox 230 2319 1014 2477">
    <p class='ocr_par' dir='ltr' id='par_1_4' title="bbox 230 2319 1014 2477">
     <span class='ocr_line' id='line_1_24' title="bbox 508 2319 1014 2363; baseline 0.01 -5"><span class='ocrx_word' id='word_1_193' title='bbox 508 2319 565 2359; x_wconf 81' lang='grc' dir='ltr'>ΤΙΤ.</span> <span class='ocrx_word' id='word_1_194' title='bbox 578 2319 631 2358; x_wconf 81' lang='lat' dir='ltr'><strong>VIL</strong></span> <span class='ocrx_word' id='word_1_195' title='bbox 1012 2359 1014 2363; x_wconf 93' lang='lat'><strong>.</strong></span> 
     </span>
     <span class='ocr_line' id='line_1_25' title="bbox 230 2402 953 2477; baseline 0.003 -23"><span class='ocrx_word' id='word_1_196' title='bbox 230 2405 281 2454; x_wconf 82' lang='lat' dir='ltr'><strong>Du</strong></span> <span class='ocrx_word' id='word_1_197' title='bbox 299 2405 397 2458; x_wconf 81' lang='lat' dir='ltr'><strong>LEGE</strong></span> <span class='ocrx_word' id='word_1_198' title='bbox 415 2402 543 2457; x_wconf 56' lang='lat' dir='ltr'><strong>Funis*</strong></span> <span class='ocrx_word' id='word_1_199' title='bbox 561 2405 711 2457; x_wconf 80' lang='lat' dir='ltr'>CANINIA</span> <span class='ocrx_word' id='word_1_200' title='bbox 730 2403 906 2456; x_wconf 79' lang='lat' dir='ltr'><strong>SUBLATA.</strong></span> <span class='ocrx_word' id='word_1_201' title='bbox 950 2472 953 2477; x_wconf 19' lang='lat'>⁵</span> 
     </span>
    </p>
   </div>
   <div class='ocr_carea' id='block_1_5' title="bbox 6 2539 1053 2872">
    <p class='ocr_par' dir='ltr' id='par_1_5' title="bbox 146 2539 1053 2619">
     <span class='ocr_line' id='line_1_26' title="bbox 146 2539 1053 2619; baseline -0.002 -19"><span class='ocrx_word' id='word_1_202' title='bbox 146 2539 240 2619; x_wconf 65' lang='lat' dir='ltr'><strong>“Lege</strong></span> <span class='ocrx_word' id='word_1_203' title='bbox 255 2544 335 2601; x_wconf 75' lang='lat' dir='ltr'><strong>Furia</strong></span> <span class='ocrx_word' id='word_1_204' title='bbox 350 2545 457 2602; x_wconf 79' lang='lat' dir='ltr'><strong>Caninio</strong></span> <span class='ocrx_word' id='word_1_205' title='bbox 472 2553 563 2602; x_wconf 90' lang='lat' dir='ltr'><strong>certus</strong></span> <span class='ocrx_word' id='word_1_206' title='bbox 578 2544 675 2601; x_wconf 91' lang='lat' dir='ltr'><strong>modus</strong></span> <span class='ocrx_word' id='word_1_207' title='bbox 691 2545 858 2601; x_wconf 89' lang='lat' dir='ltr'><strong>constitutus</strong></span> <span class='ocrx_word' id='word_1_208' title='bbox 880 2553 937 2600; x_wconf 90' lang='lat' dir='ltr'><strong>erat</strong></span> <span class='ocrx_word' id='word_1_209' title='bbox 951 2545 979 2598; x_wconf 92' lang='lat' dir='ltr'><strong>in</strong></span> <span class='ocrx_word' id='word_1_210' title='bbox 995 2560 1053 2599; x_wconf 91' lang='lat' dir='ltr'><strong>ser·</strong></span> 
     </span>
    </p>

    <p class='ocr_par' dir='ltr' id='par_1_6' title="bbox 82 2627 1052 2704">
     <span class='ocr_line' id='line_1_27' title="bbox 82 2627 1052 2704; baseline 0 -20"><span class='ocrx_word' id='word_1_211' title='bbox 82 2632 121 2685; x_wconf 82' lang='lat' dir='ltr'><strong>vis</strong></span> <span class='ocrx_word' id='word_1_212' title='bbox 138 2637 305 2686; x_wconf 89' lang='lat' dir='ltr'><strong>testamento</strong></span> <span class='ocrx_word' id='word_1_213' title='bbox 325 2630 553 2686; x_wconf 84' lang='lat' dir='ltr'><strong>manumittendis.</strong></span> <span class='ocrx_word' id='word_1_214' title='bbox 586 2646 665 2704; x_wconf 94' lang='lat' dir='ltr'><strong>quam</strong></span> <span class='ocrx_word' id='word_1_215' title='bbox 686 2629 763 2703; x_wconf 89' lang='lat' dir='ltr'><strong>quasi</strong></span> <span class='ocrx_word' id='word_1_216' title='bbox 784 2627 952 2701; x_wconf 85' lang='lat' dir='ltr'><strong>libertatibus</strong></span> <span class='ocrx_word' id='word_1_217' title='bbox 967 2629 1052 2700; x_wconf 92' lang='lat' dir='ltr'><strong>impe·</strong></span> 
     </span>
    </p>

    <p class='ocr_par' dir='ltr' id='par_1_7' title="bbox 6 2704 1052 2872">
     <span class='ocr_line' id='line_1_28' title="bbox 7 2704 1051 2788; baseline -0.004 -18"><span class='ocrx_word' id='word_1_218' title='bbox 7 2721 8 2724; x_wconf 76' lang='grc'>’</span> <span class='ocrx_word' id='word_1_219' title='bbox 83 2713 204 2770; x_wconf 86' lang='lat' dir='ltr'><strong>dientem</strong></span> <span class='ocrx_word' id='word_1_220' title='bbox 226 2723 254 2770; x_wconf 87' lang='lat' dir='ltr'><strong>et</strong></span> <span class='ocrx_word' id='word_1_221' title='bbox 274 2714 473 2788; x_wconf 90' lang='lat' dir='ltr'><strong>quodammodo</strong></span> <span class='ocrx_word' id='word_1_222' title='bbox 489 2714 605 2770; x_wconf 89' lang='lat' dir='ltr'><strong>invidam</strong></span> <span class='ocrx_word' id='word_1_223' title='bbox 618 2714 766 2770; x_wconf 89' lang='lat' dir='ltr'><strong>tollendam</strong></span> <span class='ocrx_word' id='word_1_224' title='bbox 787 2729 847 2768; x_wconf 87' lang='lat' dir='ltr'><strong>esse</strong></span> <span class='ocrx_word' id='word_1_225' title='bbox 868 2704 1051 2782; x_wconf 83' lang='lat' dir='ltr'><strong>censuimus7,</strong></span> 
     </span>
     <span class='ocr_line' id='line_1_29' title="bbox 6 2794 1052 2872; baseline -0.001 -19"><span class='ocrx_word' id='word_1_226' title='bbox 6 2813 7 2820; x_wconf 54' lang='lat'>¹</span> <span class='ocrx_word' id='word_1_227' title='bbox 82 2815 143 2854; x_wconf 88' lang='lat' dir='ltr'><strong>cum</strong></span> <span class='ocrx_word' id='word_1_228' title='bbox 163 2800 229 2854; x_wconf 90' lang='lat' dir='ltr'><strong>satis</strong></span> <span class='ocrx_word' id='word_1_229' title='bbox 250 2798 339 2854; x_wconf 87' lang='lat' dir='ltr'><strong>iuerat</strong></span> <span class='ocrx_word' id='word_1_230' title='bbox 359 2799 550 2870; x_wconf 88' lang='lat' dir='ltr'><strong>inhumanum,</strong></span> <span class='ocrx_word' id='word_1_231' title='bbox 571 2799 645 2855; x_wconf 90' lang='lat' dir='ltr'><strong>vivos</strong></span> <span class='ocrx_word' id='word_1_232' title='bbox 668 2798 776 2872; x_wconf 90' lang='lat' dir='ltr'><strong>quidem</strong></span> <span class='ocrx_word' id='word_1_233' title='bbox 796 2797 932 2852; x_wconf 86' lang='lat' dir='ltr'><strong>licentiam</strong></span> <span class='ocrx_word' id='word_1_234' title='bbox 954 2794 1052 2852; x_wconf 88' lang='lat' dir='ltr'><strong>babere</strong></span> 
     </span>
    </p>
   </div>
   <div class='ocr_carea' id='block_1_6' title="bbox 6 3012 1054 3555">
    <p class='ocr_par' dir='ltr' id='par_1_8' title="bbox 6 3012 1054 3080">
     <span class='ocr_line' id='line_1_30' title="bbox 6 3012 1054 3080; baseline -0.003 -15"><span class='ocrx_word' id='word_1_235' title='bbox 6 3033 7 3042; x_wconf 54' lang='lat'>¹</span> <span class='ocrx_word' id='word_1_236' title='bbox 152 3012 172 3080; x_wconf 89' lang='lat'><strong>¹)</strong></span> <span class='ocrx_word' id='word_1_237' title='bbox 191 3018 230 3064; x_wconf 84' lang='lat' dir='ltr'><strong>oio</strong></span> <span class='ocrx_word' id='word_1_238' title='bbox 249 3029 333 3065; x_wconf 79' lang='lat' dir='ltr'><strong>omncs</strong></span> <span class='ocrx_word' id='word_1_239' title='bbox 351 3015 426 3066; x_wconf 83' lang='lat' dir='ltr'><strong>codd.</strong></span> <span class='ocrx_word' id='word_1_240' title='bbox 445 3021 472 3066; x_wconf 85' lang='lat' dir='ltr'><strong>et</strong></span> <span class='ocrx_word' id='word_1_241' title='bbox 492 3013 603 3078; x_wconf 82' lang='lat' dir='ltr'><strong>Tbcopb.</strong></span> <span class='ocrx_word' id='word_1_242' title='bbox 623 3013 720 3063; x_wconf 88' lang='lat' dir='ltr'><strong>decem</strong></span> <span class='ocrx_word' id='word_1_243' title='bbox 739 3016 766 3062; x_wconf 90' lang='lat' dir='ltr'><strong>et</strong></span> <span class='ocrx_word' id='word_1_244' title='bbox 785 3017 846 3062; x_wconf 88' lang='lat' dir='ltr'><strong>octo</strong></span> <span class='ocrx_word' id='word_1_245' title='bbox 864 3013 948 3061; x_wconf 81' lang='lat' dir='ltr'><strong>estin</strong></span> <span class='ocrx_word' id='word_1_246' title='bbox 966 3013 999 3066; x_wconf 88' lang='lat' dir='ltr'><strong>L.</strong></span> <span class='ocrx_word' id='word_1_247' title='bbox 1013 3015 1054 3064; x_wconf 84' lang='lat'><strong>13.</strong></span> 
     </span>
    </p>

    <p class='ocr_par' dir='ltr' id='par_1_9' title="bbox 6 3077 1054 3281">
     <span class='ocr_line' id='line_1_31' title="bbox 6 3077 1054 3146; baseline -0.003 -14"><span class='ocrx_word' id='word_1_248' title='bbox 6 3081 8 3090; x_wconf 79' lang='grc'>’</span> <span class='ocrx_word' id='word_1_249' title='bbox 82 3083 115 3136; x_wconf 88' lang='lat' dir='ltr'><strong>D.</strong></span> <span class='ocrx_word' id='word_1_250' title='bbox 135 3084 168 3132; x_wconf 82' lang='lat' dir='ltr'><strong>de</strong></span> <span class='ocrx_word' id='word_1_251' title='bbox 185 3097 292 3132; x_wconf 81' lang='lat' dir='ltr'><strong>manum.</strong></span> <span class='ocrx_word' id='word_1_252' title='bbox 311 3083 378 3134; x_wconf 78' lang='lat' dir='ltr'><strong>vind.</strong></span> <span class='ocrx_word' id='word_1_253' title='bbox 399 3077 451 3146; x_wconf 83' lang='lat'><strong>(40,</strong></span> <span class='ocrx_word' id='word_1_254' title='bbox 470 3080 508 3144; x_wconf 82' lang='lat'><strong>2).</strong></span> <span class='ocrx_word' id='word_1_255' title='bbox 551 3079 573 3146; x_wconf 72' lang='lat'><strong>2)</strong></span> <span class='ocrx_word' id='word_1_256' title='bbox 592 3083 646 3131; x_wconf 80' lang='lat' dir='ltr'><strong>init.</strong></span> <span class='ocrx_word' id='word_1_257' title='bbox 665 3101 699 3122; x_wconf 88' lang='lat'>=</span> <span class='ocrx_word' id='word_1_258' title='bbox 718 3081 774 3130; x_wconf 74' lang='lat' dir='ltr'><strong>(rai.</strong></span> <span class='ocrx_word' id='word_1_259' title='bbox 795 3081 817 3138; x_wconf 93' lang='lat'><strong>1,</strong></span> <span class='ocrx_word' id='word_1_260' title='bbox 830 3081 872 3130; x_wconf 81' lang='lat'><strong>40.</strong></span> <span class='ocrx_word' id='word_1_261' title='bbox 891 3087 952 3132; x_wconf 78' lang='lat' dir='ltr'><strong>aaut.</strong></span> <span class='ocrx_word' id='word_1_262' title='bbox 988 3080 1009 3145; x_wconf 80' lang='lat'><strong>³)</strong></span> <span class='ocrx_word' id='word_1_263' title='bbox 1029 3081 1054 3130; x_wconf 88' lang='lat' dir='ltr'><strong>si</strong></span> 
     </span>
     <span class='ocr_line' id='line_1_32' title="bbox 82 3137 1053 3214; baseline -0.002 -15"><span class='ocrx_word' id='word_1_264' title='bbox 82 3151 99 3202; x_wconf 83' lang='lat' dir='ltr'><strong>i.</strong></span> <span class='ocrx_word' id='word_1_265' title='bbox 119 3166 142 3202; x_wconf 93' lang='grc'><strong>6.</strong></span> <span class='ocrx_word' id='word_1_266' title='bbox 161 3150 310 3214; x_wconf 86' lang='lat' dir='ltr'><strong>siquidem.</strong></span> <span class='ocrx_word' id='word_1_267' title='bbox 328 3137 374 3200; x_wconf 80' lang='grc' dir='ltr'><strong>ὅτι</strong></span> <span class='ocrx_word' id='word_1_268' title='bbox 395 3149 508 3214; x_wconf 78' lang='lat' dir='ltr'><strong>Tbeoplt.</strong></span> <span class='ocrx_word' id='word_1_269' title='bbox 610 3146 632 3210; x_wconf 84' lang='lat'><strong>⁴)</strong></span> <span class='ocrx_word' id='word_1_270' title='bbox 655 3149 737 3198; x_wconf 85' lang='lat' dir='ltr'><strong>malim</strong></span> <span class='ocrx_word' id='word_1_271' title='bbox 754 3150 783 3197; x_wconf 90' lang='lat' dir='ltr'><strong>in</strong></span> <span class='ocrx_word' id='word_1_272' title='bbox 801 3148 859 3198; x_wconf 85' lang='lat' dir='ltr'><strong>suis</strong></span> <span class='ocrx_word' id='word_1_273' title='bbox 881 3148 917 3208; x_wconf 81' lang='lat' dir='ltr'><strong>cf.</strong></span> <span class='ocrx_word' id='word_1_274' title='bbox 941 3147 1053 3212; x_wconf 74' lang='lat' dir='ltr'><strong>Theopb.</strong></span> 
     </span>
     <span class='ocr_line' id='line_1_33' title="bbox 83 3213 1051 3281; baseline -0.002 -15"><span class='ocrx_word' id='word_1_275' title='bbox 83 3213 104 3281; x_wconf 71' lang='lat'><strong>⁵)</strong></span> <span class='ocrx_word' id='word_1_276' title='bbox 122 3219 200 3268; x_wconf 83' lang='lat' dir='ltr'><strong>codd.</strong></span> <span class='ocrx_word' id='word_1_277' title='bbox 218 3219 259 3267; x_wconf 83' lang='lat' dir='ltr'><strong>bic</strong></span> <span class='ocrx_word' id='word_1_278' title='bbox 277 3225 303 3267; x_wconf 87' lang='grc'><strong>61</strong></span> <span class='ocrx_word' id='word_1_279' title='bbox 326 3217 388 3268; x_wconf 68' lang='lat' dir='ltr'><strong>atior·</strong></span> <span class='ocrx_word' id='word_1_280' title='bbox 407 3219 516 3266; x_wconf 73' lang='lat' dir='ltr'><strong>monime</strong></span> <span class='ocrx_word' id='word_1_281' title='bbox 538 3219 641 3266; x_wconf 83' lang='lat' dir='ltr'><strong>variant</strong></span> <span class='ocrx_word' id='word_1_282' title='bbox 661 3219 734 3266; x_wconf 81' lang='lat' dir='ltr'><strong>inter·</strong></span> <span class='ocrx_word' id='word_1_283' title='bbox 752 3215 839 3278; x_wconf 83' lang='lat' dir='ltr'><strong>furio,</strong></span> <span class='ocrx_word' id='word_1_284' title='bbox 863 3215 951 3278; x_wconf 77' lang='lat' dir='ltr'><strong>fusio,</strong></span> <span class='ocrx_word' id='word_1_285' title='bbox 976 3215 1051 3265; x_wconf 83' lang='lat' dir='ltr'><strong>fufio.</strong></span> 
     </span>
    </p>

    <p class='ocr_par' dir='ltr' id='par_1_10' title="bbox 6 3283 1054 3555">
     <span class='ocr_line' id='line_1_34' title="bbox 6 3283 1053 3350; baseline -0.001 -17"><span class='ocrx_word' id='word_1_286' title='bbox 6 3345 8 3350; x_wconf 66' lang='lat'>,</span> <span class='ocrx_word' id='word_1_287' title='bbox 82 3285 197 3336; x_wconf 83' lang='lat' dir='ltr'><strong>FUFIA</strong></span> <span class='ocrx_word' id='word_1_288' title='bbox 215 3287 256 3339; x_wconf 85' lang='lat' dir='ltr'><strong>ed.</strong></span> <span class='ocrx_word' id='word_1_289' title='bbox 276 3285 326 3336; x_wconf 86' lang='lat' dir='ltr'><strong>Kr.</strong></span> <span class='ocrx_word' id='word_1_290' title='bbox 363 3283 418 3335; x_wconf 82' lang='lat' dir='ltr'><strong>Sed</strong></span> <span class='ocrx_word' id='word_1_291' title='bbox 433 3285 501 3344; x_wconf 76' lang='lat' dir='ltr'><strong>Fufii</strong></span> <span class='ocrx_word' id='word_1_292' title='bbox 517 3285 561 3335; x_wconf 82' lang='lat' dir='ltr'><strong>sub</strong></span> <span class='ocrx_word' id='word_1_293' title='bbox 580 3285 735 3350; x_wconf 75' lang='lat' dir='ltr'><strong>Aopustoin</strong></span> <span class='ocrx_word' id='word_1_294' title='bbox 752 3283 891 3334; x_wconf 80' lang='lat' dir='ltr'><strong>bonoribus</strong></span> <span class='ocrx_word' id='word_1_295' title='bbox 910 3299 961 3334; x_wconf 83' lang='lat' dir='ltr'><strong>non</strong></span> <span class='ocrx_word' id='word_1_296' title='bbox 976 3283 1053 3344; x_wconf 73' lang='lat' dir='ltr'><strong>suere</strong></span> 
     </span>
     <span class='ocr_line' id='line_1_35' title="bbox 82 3351 1051 3404; baseline -0.003 -2"><span class='ocrx_word' id='word_1_297' title='bbox 82 3358 108 3402; x_wconf 86' lang='grc'><strong>61</strong></span> <span class='ocrx_word' id='word_1_298' title='bbox 125 3354 227 3403; x_wconf 68' lang='lat' dir='ltr'><strong>audetur</strong></span> <span class='ocrx_word' id='word_1_299' title='bbox 248 3353 312 3404; x_wconf 78' lang='lat' dir='ltr'><strong>baec</strong></span> <span class='ocrx_word' id='word_1_300' title='bbox 333 3354 379 3402; x_wconf 77' lang='lat' dir='ltr'><strong>lem</strong></span> <span class='ocrx_word' id='word_1_301' title='bbox 401 3369 418 3401; x_wconf 89' lang='lat' dir='ltr'><strong>o</strong></span> <span class='ocrx_word' id='word_1_302' title='bbox 435 3353 474 3402; x_wconf 92' lang='lat' dir='ltr'><strong>M.</strong></span> <span class='ocrx_word' id='word_1_303' title='bbox 492 3353 572 3403; x_wconf 83' lang='lat' dir='ltr'><strong>Furio</strong></span> <span class='ocrx_word' id='word_1_304' title='bbox 590 3351 696 3403; x_wconf 81' lang='lat' dir='ltr'><strong>Camillo</strong></span> <span class='ocrx_word' id='word_1_305' title='bbox 718 3367 770 3403; x_wconf 81' lang='lat' dir='ltr'><strong>coe.</strong></span> <span class='ocrx_word' id='word_1_306' title='bbox 794 3368 819 3400; x_wconf 87' lang='lat' dir='ltr'><strong>a.</strong></span> <span class='ocrx_word' id='word_1_307' title='bbox 839 3353 888 3402; x_wconf 73' lang='grc' dir='ltr'><strong>μ161</strong></span> <span class='ocrx_word' id='word_1_308' title='bbox 915 3353 1051 3400; x_wconf 82' lang='lat' dir='ltr'><strong>loto&#39;esac.</strong></span> 
     </span>
     <span class='ocr_line' id='line_1_36' title="bbox 88 3415 1054 3485; baseline -0.004 -15"><span class='ocrx_word' id='word_1_309' title='bbox 88 3421 150 3472; x_wconf 70' lang='lat' dir='ltr'><strong>Vsu.</strong></span> <span class='ocrx_word' id='word_1_310' title='bbox 167 3421 250 3471; x_wconf 71' lang='lat' dir='ltr'><strong>licita.</strong></span> <span class='ocrx_word' id='word_1_311' title='bbox 269 3422 306 3472; x_wconf 81' lang='lat' dir='ltr'><strong>ad</strong></span> <span class='ocrx_word' id='word_1_312' title='bbox 320 3420 431 3485; x_wconf 79' lang='lat' dir='ltr'><strong>Tbeopb.</strong></span> <span class='ocrx_word' id='word_1_313' title='bbox 446 3420 472 3472; x_wconf 94' lang='lat' dir='ltr'><strong>I.</strong></span> <span class='ocrx_word' id='word_1_314' title='bbox 487 3437 517 3484; x_wconf 88' lang='lat' dir='ltr'><strong>p.</strong></span> <span class='ocrx_word' id='word_1_315' title='bbox 530 3422 571 3472; x_wconf 80' lang='lat' dir='ltr'><strong>tt.</strong></span> <span class='ocrx_word' id='word_1_316' title='bbox 608 3421 678 3470; x_wconf 75' lang='lat' dir='ltr'><strong>Aoo.</strong></span> <span class='ocrx_word' id='word_1_317' title='bbox 698 3435 725 3482; x_wconf 83' lang='lat' dir='ltr'><strong>p.</strong></span> <span class='ocrx_word' id='word_1_318' title='bbox 737 3419 834 3468; x_wconf 88' lang='lat' dir='ltr'><strong>LXVI.</strong></span> <span class='ocrx_word' id='word_1_319' title='bbox 905 3415 926 3480; x_wconf 79' lang='lat'><strong>⁶)</strong></span> <span class='ocrx_word' id='word_1_320' title='bbox 945 3419 999 3468; x_wconf 80' lang='lat' dir='ltr'><strong>init.</strong></span> <span class='ocrx_word' id='word_1_321' title='bbox 1019 3434 1054 3468; x_wconf 77' lang='lat' dir='ltr'><strong>cre</strong></span> 
     </span>
     <span class='ocr_line' id='line_1_37' title="bbox 86 3481 980 3555; baseline -0.001 -18"><span class='ocrx_word' id='word_1_322' title='bbox 86 3488 186 3552; x_wconf 81' lang='lat' dir='ltr'><strong>uot.1‚</strong></span> <span class='ocrx_word' id='word_1_323' title='bbox 206 3491 247 3538; x_wconf 81' lang='lat'><strong>42.</strong></span> <span class='ocrx_word' id='word_1_324' title='bbox 317 3485 338 3552; x_wconf 90' lang='lat'><strong>⁷)</strong></span> <span class='ocrx_word' id='word_1_325' title='bbox 357 3489 391 3538; x_wconf 91' lang='lat' dir='ltr'><strong>L.</strong></span> <span class='ocrx_word' id='word_1_326' title='bbox 409 3505 451 3538; x_wconf 83' lang='lat' dir='ltr'><strong>on.</strong></span> <span class='ocrx_word' id='word_1_327' title='bbox 470 3487 498 3538; x_wconf 83' lang='lat'><strong>0.</strong></span> <span class='ocrx_word' id='word_1_328' title='bbox 516 3489 549 3539; x_wconf 86' lang='lat' dir='ltr'><strong>de</strong></span> <span class='ocrx_word' id='word_1_329' title='bbox 566 3490 583 3537; x_wconf 90' lang='lat' dir='ltr'><strong>l.</strong></span> <span class='ocrx_word' id='word_1_330' title='bbox 602 3488 664 3540; x_wconf 71' lang='lat' dir='ltr'><strong>utar.</strong></span> <span class='ocrx_word' id='word_1_331' title='bbox 684 3487 746 3536; x_wconf 85' lang='lat' dir='ltr'><strong>Con.</strong></span> <span class='ocrx_word' id='word_1_332' title='bbox 765 3488 818 3536; x_wconf 85' lang='lat' dir='ltr'><strong>toll.</strong></span> <span class='ocrx_word' id='word_1_333' title='bbox 838 3481 873 3550; x_wconf 81' lang='lat' dir='ltr'><strong>(t,</strong></span> <span class='ocrx_word' id='word_1_334' title='bbox 892 3483 929 3548; x_wconf 86' lang='lat'><strong>3).</strong></span> <span class='ocrx_word' id='word_1_335' title='bbox 978 3551 980 3555; x_wconf 28' lang='grc' dir='ltr'>Ι</span> 
     </span>
    </p>
   </div>
   <div class='ocr_carea' id='block_1_7' title="bbox 0 0 1248 3916">
    <p class='ocr_par' dir='ltr' id='par_1_11' title="bbox 0 0 1248 3916">
     <span class='ocr_line' id='line_1_38' title="bbox 0 0 1248 3916; baseline 0 0"><span class='ocrx_word' id='word_1_336' title='bbox 0 0 1248 3916; x_wconf 95' lang='lat' dir='ltr'><strong> </strong></span> 
     </span>
    </p>
   </div>
  </div>
 </body>
</html>
