2464 3916
409 245 446 278 nn
464 245 636 279 scrrnmrs
653 230 692 280 1t‘
693 268 702 287 ,
719 230 746 280 S.
1004 225 1067 290 l't'5

160 387 303 441 Actionu
316 395 407 441 antu
418 387 549 459 quadan
562 385 652 442 bonne
666 384 730 441 sitici
743 395 819 444 sunt.
834 383 966 458 nonedam
979 385 1068 440 stricti
1085 397 1120 449 ξε

97 471 174 525 iuris.
211 469 298 526 bonae
318 469 381 525 idei
399 479 466 526 sunt
480 473 545 526 bne:
565 487 599 526 ex
613 479 723 544 empto.
738 469 866 540 vendito,
881 469 987 540 locato,
1002 485 1068 524 oon·

97 554 192 626 ducto,
201 556 375 628 negotiorum
386 563 539 629 gestorum,
550 555 678 612 nudati
689 554 819 628 depositi.
831 571 883 628 pro
893 555 980 624 socio,
995 561 1068 610 tute·

97 639 154 709 ine,
176 639 354 712 commodnti,
373 642 565 714 pignuntim.
586 639 701 696 iurniiine
719 638 911 698 erciscundae.
932 637 1069 694 communi

97 723 260 794 dividundo,
280 727 455 798 praesumptis
469 724 574 796 serbis,
595 741 665 798 quse
683 724 719 780 de
737 723 880 778 anstinuo
895 723 1069 797 proponitur.

98 815 127 864 et
148 825 195 878 en,
215 825 284 882 quac
304 825 337 864 er
356 811 558 883 permutatione
577 811 725 883 competit,
744 815 774 863 et
788 807 946 864 hereditatis
960 809 1067 881 petitio.

99 895 220 966 quamvis
242 896 316 948 enirn
335 909 423 968 mque
447 894 536 949 adbuc
555 895 690 950 incertum
711 901 784 964 erat,
809 893 866 948 sire
890 893 964 947 inter
982 891 1069 946 bonae

99 975 163 1032 fidei
177 977 274 1033 indicia
288 978 508 1034 connumeranda
521 980 558 1034 sit
576 981 634 1034 sire
655 995 727 1050 non,
747 985 842 1034 nostra
864 985 954 1032 temen
968 976 1070 1031 consti·

99 1055 191 1117 tutio¹
206 1071 300 1135 upmte
314 1079 373 1118 cnm
387 1079 449 1118 me
468 1062 555 1118 bonae
575 1061 639 1118 fidei
660 1063 804 1137 disposuit.
835 1060 934 1116 Fuerat
948 1069 1027 1116 enter
1042 1067 1070 1115 et
1087 1068 1122 1118 29

99 1147 139 1201 roi
153 1147 265 1202 uxoriae
278 1149 349 1203 aetio
365 1164 398 1203 cx
413 1146 500 1202 bonne
520 1147 584 1204 fidei
604 1148 726 1204 iudiciis:
749 1146 799 1202 scd
819 1163 898 1218 cum,
918 1145 1070 1220 pleniorem

101 1247 161 1286 esse
181 1247 214 1286 ex
234 1231 366 1304 stipulatu
385 1234 521 1288 actionem
540 1235 727 1303 invenientes,
748 1247 830 1288 omne
849 1232 909 1300 ius,
930 1229 1005 1304 quod
1025 1244 1070 1284 res

102 1316 196 1370 uxorin
210 1324 272 1371 unte
286 1315 418 1386 habebat,
443 1333 505 1372 cum
530 1317 624 1372 moitis
645 1315 821 1372 divisionibus
840 1316 869 1370 in
889 1331 922 1370 ox
937 1313 1070 1388 stipulrtu

10 1429 11 1432 ¹
101 1400 243 1470 actionem,
258 1415 327 1474 qnae
341 1400 376 1456 de
390 1399 500 1456 dotibus
515 1401 657 1475 exigendis
667 1402 842 1475 proponitur,
859 1389 1071 1466 trmstuiimus,²

100 1485 199 1540 merito
213 1486 254 1540 rei
269 1486 379 1541 uxoriae
393 1488 501 1541 rctione
520 1485 642 1556 sublntn,
663 1502 696 1541 en
717 1485 867 1559 stipulatu,
889 1499 959 1558 quac
973 1498 1024 1556 pro
1039 1497 1070 1536 en

99 1567 256 1625 introducta
271 1578 329 1641 est,
344 1578 467 1626 naturam
481 1569 569 1626 bonne
584 1568 647 1626 iidei
661 1570 752 1626 iudicii
768 1577 871 1625 tantum
887 1571 915 1624 in
930 1567 1072 1622 crrcdono

100 1653 175 1709 dotis
196 1657 311 1726 meruit,
332 1662 363 1710 ut
383 1653 470 1710 bonne
489 1653 552 1710 fidoi
572 1657 618 1710 sit
659 1655 707 1710 sed
727 1663 755 1712 ot
775 1655 882 1710 tacitam
902 1654 928 1708 oi
948 1650 1072 1707 dedimus

100 1738 296 1811 hypothecam:
322 1739 453 1812 praeferri
472 1747 564 1796 autem
584 1739 643 1794 niiis
664 1738 845 1795 conditoribus
860 1739 888 1794 in
910 1735 1072 1810 hypothecis

100 1830 169 1878 tunc
182 1825 346 1894 censuimus,
358 1817 499 1898 cumipst³
513 1824 611 1880 mulier
624 1824 659 1880 de
673 1824 739 1880 dote
754 1841 801 1880 sue
816 1824 980 1897 experietur,
996 1821 1073 1876 cuius

101 1905 190 1962 solius
206 1907 373 1979 providentie
388 1908 441 1964 boc
460 1909 624 1964 induximus.
654 1909 684 1964 ln
704 1907 791 1965 bonne
812 1906 875 1964 iidei
895 1914 985 1962 nutem
1005 1903 1073 1960 iudi·
1090 1905 1125 1956 ³0

101 1992 152 2048 ciis
168 1989 252 2045 libera
271 1999 394 2064 potestus
415 1995 536 2066 permitti
557 1993 665 2048 videtur
684 1993 767 2049 iudici
788 2009 821 2048 cn
841 1991 914 2048 bono
936 1999 964 2045 et
985 2005 1073 2062 nequo

102 2075 275 2145 aestimandi,
298 2085 428 2150 quantum
456 2079 542 2133 actori
562 2079 670 2132 restitui
689 2076 796 2132 debent.
831 2077 859 2130 in
881 2091 937 2147 quo
958 2081 986 2128 ct
1005 2072 1073 2128 iilud

101 2161 277 2232 continetur,
292 2170 339 2232 nt,
354 2163 378 2216 si
393 2161 458 2234 quid
472 2163 586 2217 invicem
601 2170 720 2216 amorem
734 2167 873 2233 proestare
889 2163 1025 2231 oportent,
1040 2171 1073 2212 eo

102 2253 296 2317 compensato,
315 2247 344 2300 io
358 2245 494 2318 reliquum
508 2248 546 2316 is,
567 2261 628 2300 cnm
644 2261 699 2318 quo
714 2253 803 2300 ectum
824 2251 882 2314 est,
903 2240 1075 2298 condemnari

103 2327 211 2384 debeat.
242 2329 292 2384 sed
307 2338 335 2385 et
349 2331 377 2384 in
391 2331 494 2385 strictis
508 2329 613 2385 iudiciis
629 2346 661 2385 ex
677 2330 810 2402 rescripto
826 2328 879 2384 divi
895 2327 972 2382 Merui
988 2341 1074 2399 oppo-

103 2415 157 2468 situ
172 2413 228 2468 doli
244 2413 305 2469 mali
320 2415 479 2488 exceptione
493 2415 679 2488 compensatio
701 2411 887 2469 inducebatur.
918 2411 966 2466 scd
981 2417 1075 2466 nostro

103 2494 287 2553 constitutio⁴
307 2515 352 2553 ecs
373 2501 625 2573 compensationes,
648 2515 717 2572 quae
745 2499 804 2553 iure
824 2505 919 2571 operto
939 2496 1076 2564 nituntur,

104 2581 188 2637 latius
209 2583 376 2652 introduxit,
399 2591 430 2639 nt
451 2585 571 2640 actiones
591 2585 652 2656 ipso
672 2584 731 2638 iure
752 2584 875 2638 minuent
893 2581 949 2636 sivo
970 2581 997 2635 in
1018 2595 1075 2634 rem

104 2667 163 2722 sive
178 2667 335 2740 personales
356 2669 412 2723 sive
432 2668 495 2724 alius
523 2683 722 2741 quoscumque,
745 2675 856 2740 excepta
881 2665 939 2720 solu
959 2662 1076 2736 depositi

176 2913 197 2978 1)
216 2917 249 2966 L.
269 2918 309 2964 1¹2.
328 2916 351 2977 ἕ.
370 2919 394 2967 3.
417 2916 444 2966 0.
463 2918 495 2968 dc
517 2917 604 2968 bercd.
631 2921 685 2980 pet.
704 2915 738 2980 (3,
758 2913 809 2977 31).
897 2909 917 2975 ²)
936 2912 969 2962 L.
988 2927 1028 2962 ren.
1048 2909 1076 2961 0.

105 2986 139 3034 de
158 2985 200 3033 rei
215 2999 292 3035 uuor.
310 2990 361 3033 oct.
381 2981 416 3048 (ὅ,
437 2986 488 3034 13ἲ.
558 2981 579 3049 ³)
597 2976 687 3048 ἡνίκα
708 2977 843 3048 βούλεται
864 2973 882 3046 ἡ
905 2971 978 3046 γυνὴ
1000 2969 1076 3030 αὐτὰ

105 3043 144 3102 τὰ
172 3042 353 3102 ἔπιδοθὲντα
379 3041 434 3102 ὑπ’
463 3042 552 3118 αὐτῆς
586 3045 659 3117 λόγῳ
685 3043 803 3116 προικὸς
833 3039 993 3114 ἀναλαβεῖν
1016 3047 1076 3098 κτλ.

109 3119 235 3182 Theoph,
255 3121 298 3183 qoi
316 3119 395 3169 cuins
413 3135 463 3168 non
481 3123 516 3168 ad
533 3117 639 3175 mulier,
657 3119 705 3167 red
722 3120 758 3168 ad
779 3117 813 3167 de
835 3117 900 3166 dote
919 3130 968 3166 sua
988 3113 1078 3178 (oppo-

105 3191 159 3236 sita
174 3189 274 3254 scilicet
301 3194 351 3236 tam
377 3188 419 3237 bio
441 3203 513 3252 quom
534 3194 612 3236 antea
638 3188 674 3235 ad
698 3187 743 3236 itta
760 3189 866 3235 tontum
884 3185 913 3233 in
932 3183 1079 3232 exactione

88 3303 90 3310 ,
106 3255 184 3304 dotis
199 3261 313 3318 propter
330 3257 433 3319 nuptias
451 3252 600 3318 donatione)
618 3261 688 3302 recte
706 3255 801 3303 retulit.
820 3253 855 3316 cf.
874 3251 907 3300 L.
927 3266 968 3302 uo.
989 3249 1017 3298 Ο.
1037 3250 1079 3300 cit.

105 3324 131 3384 §-
153 3322 194 3374 15.
221 3323 255 3373 L.
274 3323 314 3373 12.
333 3323 372 3382 ἕξ.
392 3324 416 3374 2.
436 3324 460 3372 3.
479 3322 507 3374 0.
536 3324 579 3388 qui
604 3317 789 3386 pot.(8,18).
825 3319 868 3368 An
893 3320 971 3382 ipitur
996 3318 1080 3380 tepen-

106 3393 182 3441 dum:
201 3403 262 3440 cum
279 3388 378 3438 mulier
391 3390 424 3440 de
436 3390 498 3454 ipso
517 3389 580 3440 dote
593 3390 660 3439 sua?
672 3390 720 3438 scd
731 3405 753 3442 u.
766 3387 828 3451 ipso
841 3385 916 3436 ctiam
928 3385 1080 3449 praeposito

106 3473 164 3508 cum
183 3455 218 3507 de
237 3457 301 3506 dote
329 3471 379 3506 sue
406 3459 523 3521 coniunpi
544 3464 569 3506 et
585 3463 671 3520 potest
689 3463 714 3506 et
732 3455 815 3506 debet.
900 3451 921 3515 ⁴)
940 3453 972 3504 L.
993 3452 1032 3504 tt.
1054 3451 1081 3501 C.

106 3529 141 3576 de
160 3539 287 3588 compens.
307 3523 342 3587 (4,
356 3521 409 3586 31).
