2486 3916
316 232 353 266 nn
373 195 467 268 neuun
486 231 633 268 mvnsroun
652 190 688 275 11]
709 220 731 270 1.
971 217 1011 280 37

34 374 105 428 dum
128 379 267 428 mortuum
288 371 369 428 inient
389 373 417 427 in
445 373 535 428 locum
556 389 643 430 snum.
681 375 709 428 iu
729 389 898 430 communem
921 382 1009 430 antem

34 459 131 513 locum
148 473 247 530 purum
261 458 346 512 invito
362 457 436 512 socio
451 457 552 514 inferre
574 474 630 514 non
646 457 721 513 licet:
743 459 929 514 incommune
946 475 1009 514 vero

36 541 200 615 sepulcrum
215 543 294 597 etiam
316 543 406 597 invitis
428 543 526 598 ceteris
548 542 612 598 licet
631 541 740 598 inferre.
777 543 841 598 item
863 545 886 598 si
907 543 1011 599 alienus

36 625 217 682 ususfructus
239 632 297 697 est,
319 627 527 700 proprietarium
549 627 652 700 placet,
673 627 724 682 nisi
745 627 933 683 consentiente
948 644 1013 682 usu·

36 711 203 782 fructuario,
215 710 304 766 locum
316 711 475 785 religiosum
486 727 542 766 non
553 710 650 768 iacere.
671 713 699 766 in
710 711 825 766 alienum
837 711 937 784 locum,
948 729 1013 768 eon·

36 795 157 851 cedente
172 794 299 867 domino,
318 785 383 850 licet
397 794 511 850 inferre:
534 803 561 851 et
576 795 640 856 licet
659 802 755 869 postea
775 803 862 850 ratum
878 795 1011 866 habuerit,

36 895 120 952 quam
136 879 230 934 illatus
246 887 288 934 est
299 886 434 950 mortuus,
450 887 539 936 tamen
554 880 701 954 religiosus
716 879 792 935 iocus
809 878 848 934 fit.
882 872 1012 936 ¹Sanctae
1031 892 1063 940 10

36 979 153 1037 quoque
173 979 234 1034 res,
256 964 340 1020 veluti
361 965 431 1022 muri
451 972 478 1020 et
498 972 609 1038 portae,
630 963 829 1038 quodammodo
849 963 931 1019 divini
946 965 1012 1020 iuris

36 1057 103 1104 sunt
120 1056 151 1104 et
166 1046 228 1103 ideo
244 1047 344 1104 nullius
359 1047 386 1104 in
407 1047 485 1104 bonis
501 1056 574 1104 sunt.
605 1048 666 1104 ideo
690 1056 779 1103 entem
795 1063 887 1103 muros
903 1057 1011 1106 sanctos

37 1133 173 1202 dicimus,
197 1133 259 1206 qnia
278 1140 368 1208 poena¹
387 1135 480 1206 capitis
501 1135 649 1189 constituta
670 1134 747 1191 sitin
763 1149 825 1204 eos,
849 1135 895 1206 qui
911 1133 1012 1207 aliquid
1054 1151 1061 1164 ’

36 1219 63 1272 in
79 1233 180 1272 muros
197 1215 369 1290 deliquerint.
399 1217 461 1272 ideo
476 1225 504 1273 et
519 1217 611 1292 legum
624 1233 667 1274 eas
679 1226 781 1292 partes,
798 1217 895 1291 quibus
910 1235 1011 1292 poenas

36 1303 234 1356 constituimus
246 1301 373 1357 adversus
386 1319 444 1374 eos,
460 1303 505 1376 qui
517 1311 612 1358 contra
626 1301 702 1376 leges
718 1301 841 1374 iecerint,
857 1305 1011 1358 sanctiones

37 1401 180 1442 vocamus.

105 1465 303 1543 ²Singulorum
319 1477 408 1528 autem
424 1470 562 1525 hominum
578 1470 670 1526 multis
686 1469 772 1526 modis
789 1487 832 1526 res
849 1468 930 1525 finnt:
947 1487 1011 1544 qua·
1031 1480 1062 1529 11

35 1554 156 1609 nundum
172 1555 241 1609 euim
256 1571 347 1610 rernm
357 1555 505 1612 dominium
520 1556 700 1612 nanciscimur
713 1555 773 1610 iure
785 1554 910 1627 naturali,
927 1555 1012 1629 quod,
1099 1565 1103 1572 ·

37 1642 107 1696 sicut
130 1637 264 1710 diximus,
285 1639 437 1712 appellatur
457 1641 499 1694 ins
515 1641 652 1713 gentium,
676 1639 841 1712 quarundam
856 1641 915 1695 inre
931 1639 1011 1695 civili.

38 1721 212 1778 commodius
233 1731 275 1778 est
294 1725 385 1796 itaque
406 1741 420 1779 a
441 1725 590 1780 vetustiore
616 1725 675 1780 inre
695 1725 824 1798 incipere,
860 1724 947 1797 pelam
970 1734 1012 1781 cst

39 1817 147 1878 nutem,
163 1809 298 1862 vetustius
314 1823 374 1863 esse
389 1807 510 1864 naturale
526 1809 583 1880 ins,
605 1808 679 1882 quod
695 1825 756 1864 cum
771 1810 831 1882 ipso
847 1824 948 1883 genere
960 1809 1011 1864 hn-

39 1909 116 1948 mano
134 1907 227 1947 rerum
243 1899 337 1947 natura
353 1892 486 1966 prodidit:
506 1893 593 1948 civilia
615 1895 686 1949 enim
707 1894 770 1970 iura¹
781 1902 847 1950 tnnc
861 1903 1011 1968 coeperunt

40 1969 130 2048 esse,³
154 1992 216 2032 eum
238 1983 265 2031 et
286 1977 405 2033 civitates
425 1977 507 2033 condi
533 1987 560 2033 et
586 1979 759 2052 magistratus
780 1979 865 2034 creari
886 1987 913 2034 et
933 1979 1011 2052 leges

40 2061 118 2116 scribi
136 2067 300 2132 coeperunt.

100 2141 208 2200 ⁴Ferae
223 2146 308 2218 igitur
322 2145 423 2202 bestiae
445 2153 472 2202 et
493 2145 617 2206 volucres
638 2153 666 2201 et
686 2147 790 2219 pisces,
811 2145 838 2200 id
859 2153 901 2200 est
923 2147 1063 2200 omnic12

39 2229 177 2300 animalia,
199 2245 268 2302 qnae
289 2231 316 2284 in
335 2237 409 2286 terra
429 2232 496 2286 mari
515 2231 590 2288 caelo
609 2237 773 2300 nascuntur,
795 2229 957 2303 simulatque
979 2228 1011 2285 ab

41 2313 129 2387 aliquo
148 2321 224 2387 capta
240 2313 356 2386 inerint,
372 2317 431 2371 iure
447 2317 569 2389 gentium
585 2315 677 2370 statim
697 2314 771 2370 illins
787 2311 847 2370 esse
862 2315 1011 2388 incipiunt:

42 2398 112 2470 quod
129 2399 204 2454 enim
219 2406 281 2454 erite
296 2399 397 2456 nullius
413 2409 470 2470 est,
486 2400 513 2456 id
529 2399 644 2455 naturali
659 2400 766 2454 ratione
788 2400 930 2472 occupanti
945 2415 1011 2455 eon·

41 2482 155 2538 reditur.
192 2499 242 2538 nec
260 2483 390 2556 interest,
411 2484 482 2542 ieras
502 2483 602 2540 bestias
623 2492 650 2540 et
665 2483 788 2540 volucres
810 2491 901 2538 utrum
918 2485 943 2538 in
959 2499 1010 2539 suo

43 2565 125 2623 innuo
144 2568 261 2640 quisque
277 2569 376 2641 mpiat,
399 2585 433 2624 an
448 2571 476 2624 iu
492 2569 594 2624 alieno:
616 2568 695 2641 plane
711 2569 800 2642 quiin
816 2567 932 2624 alienum
948 2567 1009 2623 inn-

42 2650 102 2706 dum
117 2651 276 2725 ingreditur
291 2653 404 2708 venandi
419 2661 465 2708 aut
480 2652 629 2726 aucupandi
641 2654 737 2726 gratia,
753 2660 846 2726 potest
861 2653 1008 2723 adomino,

42 2736 62 2788 si
83 2737 105 2790 is
127 2735 294 2809 providerit,
321 2736 474 2810 prohiberi,
495 2753 529 2793 ne
550 2736 728 2810 ingrediatur.
766 2736 896 2810 quidquid
918 2745 1008 2791 antem

43 2834 135 2876 eornm
152 2821 267 2893 ceperis,
284 2837 316 2876 eo
328 2837 415 2894 usque
429 2830 507 2876 tuum
522 2837 582 2877 esse
597 2821 783 2896 intellegitur,
799 2821 886 2877 donec
902 2829 946 2876 tua
962 2837 1008 2876 cn·

43 2903 128 2960 stodia
145 2912 303 2960 coercetur:
325 2922 386 2962 cum
407 2922 471 2961 vero
487 2906 602 2961 evaserit
623 2905 773 2962 custodiam
788 2913 862 2961 tuam
878 2907 946 2961 etin
962 2922 1009 2962 na·

44 2989 155 3046 turaiom
175 2987 326 3046 libertatem
349 3006 378 3046 se
399 2992 548 3063 receperit,
571 2998 648 3046 tuum
669 3007 729 3046 esse
750 2991 848 3046 desinit
869 2998 896 3046 ct
912 3007 1008 3047 rursus

108 3235 128 3298 ¹)
146 3239 202 3290 init.
220 3258 254 3280 ·-·-
274 3238 329 3288 Gai.
348 3241 376 3296 2,
396 3240 419 3288 8.
443 3239 475 3290 L.
497 3241 509 3290 i
528 3255 569 3303 pr.
590 3241 623 3292 D.
643 3242 700 3292 eod.
786 3237 806 3302 ²)
824 3261 858 3281 =
875 3241 908 3293 L.
930 3244 942 3289 1
960 3257 1005 3304 pr.

42 3303 72 3352 D.
92 3305 124 3356 de
141 3321 197 3371 aeq.
216 3321 270 3360 rer.
289 3308 354 3358 dom.
373 3305 425 3370 (41,
446 3303 470 3374 1)
489 3315 556 3364 mut..
575 3323 610 3358 ecc
630 3308 688 3358 Gaii
715 3310 825 3360 .2rer.
845 3315 915 3372 quot.
985 3305 1005 3369 ³)

45 3369 66 3417 Τ
84 3371 196 3438 ΤΙιεορΙι.
216 3388 277 3424 esse
296 3376 374 3428 omitt.
394 3373 446 3424 AB
463 3377 502 3424 ed.
523 3375 573 3428 Kr.
659 3374 680 3437 ⁴)
715 3376 738 3438 ξ.
760 3376 874 3429 12,..17
894 3375 953 3437 sere
970 3395 1004 3414 =

7 3477 9 3482 ,
42 3437 74 3486 L.
94 3443 119 3490 3.
143 3443 165 3490 5.
192 3443 206 3490 7
231 3458 275 3505 pr.
308 3442 338 3495 D.
368 3443 401 3492 de
429 3459 485 3506 aeq.
513 3458 566 3492 rer.
594 3445 658 3494 dom.
686 3439 786 3507 (1,1)
813 3458 848 3491 eac
877 3441 934 3491 Gaii
960 3443 1010 3489 tn

42 3520 94 3558 rer.
114 3516 181 3572 quot.
874 3535 875 3538 =
