2484 3916
401 181 451 262 Χοτι
469 227 680 268 bonsemannus
698 213 735 274 ΙΙ,
755 215 777 263 7.
1037 209 1079 277 53
1125 238 1127 242 ’

102 370 174 424 serit
196 369 234 440 is,
261 370 305 424 eui
325 368 454 426 donatum
474 369 519 425 sit.
567 367 617 425 hae
638 369 732 424 mertis
758 384 838 426 causa
858 367 1020 426 donationes
1042 370 1075 426 ad

103 453 260 526 exemplum
275 453 427 528 legatorum
442 453 568 509 redactae
583 460 648 508 snut
662 469 712 526 per
728 454 825 508 omnia.
856 469 917 508 uam
933 469 994 508 oum
1009 470 1075 528 prn-

103 537 234 594 dentibus
250 536 405 612 ambiguum
420 537 525 608 iuerat,
546 545 638 593 utrum
660 537 812 593 donationis
834 554 866 593 an
888 536 972 612 legati
987 539 1075 593 instar

102 638 163 676 eam
180 620 303 678 obtinere
319 629 476 696 oporteret,
498 629 525 677 et
542 623 683 694 utriusque
704 638 799 678 causae
814 621 944 695 quaedam
959 621 1075 678 habebat

101 707 222 780 insignia
245 713 273 762 et
293 705 337 763 aiii
357 705 477 763 adalind
499 723 586 780 genus
603 722 660 762 eam
675 705 863 777 retrahebant,
885 705 993 762 anobis
1009 723 1075 762 con·

100 792 233 846 stitutum
249 783 327 862 est,¹
344 799 374 846 ut
388 809 438 865 per
454 793 542 848 omnia
556 791 614 848 fere
628 790 726 865 legatis
741 797 967 846 connumeretur:
993 798 1020 846 et
1036 791 1076 846 sic

101 875 251 948 procedat„
273 875 499 948 quemadmodum
515 892 572 932 eam
586 882 681 932 nostra
702 875 828 930 tornavit
843 875 1014 930 constitutio.
1046 883 1075 930 et

101 961 132 1016 in
145 975 261 1016 summa,
273 960 369 1016 mortis
389 976 468 1016 causa
483 959 593 1016 donatio
610 967 667 1031 est,
687 976 749 1015 cnm
768 960 853 1032 magis
875 975 905 1014 se
927 960 987 1032 quis
1009 958 1075 1014 velit

101 1041 223 1115 habere,
249 1060 329 1118 quarn
349 1060 426 1116 eum,
447 1045 490 1100 cui
512 1044 643 1115 donatur,
664 1045 806 1118 magisque
821 1059 898 1114 eum,
920 1044 964 1098 eni
979 1042 1073 1112 donat,

13 1165 14 1168 ,
100 1144 186 1267 {pam
201 1127 330 1244 hgredem
345 1145 434 1184 suum.
464 1130 504 1185 sic
519 1137 546 1185 et
559 1128 630 1204 apud
641 1128 788 1186 Homerum
800 1127 976 1184 Telemachus
991 1125 1074 1184 donat

149 1228 214 1268 aco:
925 1232 928 1240 r

147 1321 269 1406 Πείραι’
290 1321 338 1404 (οὐ
360 1323 416 1406 γάρ
431 1322 458 1386 τ’
476 1325 575 1406 ἴδμεν,
591 1325 673 1400 ὅντως
689 1326 767 1387 ἔσται
789 1323 859 1386 τάδε
875 1324 973 1407 beyno·

148 1409 194 1469 Et
202 1433 254 1470 κεν
267 1407 316 1489 ἐμὲ
330 1420 494 1492 μνηστῆρες
510 1407 652 1492 ἀγήνορες
668 1409 701 1472 ἕν
715 1408 866 1492 μεγάροισι

148 1491 264 1578 Λάθρῃ
285 1494 465 1573 κτείναντες,
487 1489 621 1576 πατρώιοι
642 1493 740 1556 πάντα
763 1491 923 1573 δάσωνται,

146 1574 254 1639 Αὐτὸν
277 1577 381 1658 ἔχοντα
403 1596 435 1641 σε
457 1577 585 1660 βούλομ’
610 1578 791 1660 ἐπαυρέμεν,
813 1577 836 1658 ἤ
857 1602 923 1638 τινα
940 1578 1050 1639 τοῖνδε·

145 1664 190 1725 Et
210 1661 245 1723 δέ
266 1659 296 1723 κ’
321 1662 377 1744 ἐγὼ
401 1661 531 1724 τούτοισι
553 1661 650 1742 φόνον
670 1663 722 1726 καὶ
742 1673 822 1745 κῆρα
838 1662 988 1742 φυτεύσω,

147 1747 197 1828 Ar}
213 1747 278 1808 τότε
300 1770 349 1825 μοι
363 1749 496 1831 χαίροντι
517 1747 620 1831 φέρειν
639 1747 713 1830 πρὸς
730 1748 852 1827 δώματα
868 1748 988 1829 χαίρων.

167 1888 244 1944 Aliae
265 1895 355 1945 autem
375 1888 536 1946 donationes
557 1895 634 1960 sunt,
658 1905 727 1963 quae
747 1890 806 1946 sine
821 1887 877 1944 ulia
891 1889 986 1944 mortis
1002 1889 1111 1960 cogi-2

99 1975 209 2030 tatione
224 1971 307 2044 fiunt,
330 1990 396 2047 quas
416 1975 577 2030 interrivos
599 1973 774 2047 appellamus.
811 1989 879 2046 quae
895 1974 1005 2028 omniuo
1021 1988 1078 2028 nou

101 2065 297 2132 comparantur
316 2058 428 2132 legatis:
452 2074 520 2132 quae
541 2059 564 2114 si
579 2057 681 2114 fuerint
699 2057 852 2131 perfectae,
876 2063 980 2132 temere
999 2071 1079 2111 revo-

101 2145 159 2198 cari
186 2152 252 2216 non‘
265 2149 394 2216 possunt.
437 2140 617 2216 perficiuntur
636 2149 744 2212 autem,
770 2155 832 2196 eum
860 2139 976 2194 donator
1001 2155 1079 2194 suam

100 2227 273 2284 voluntatem
284 2229 394 2302 scriptis
409 2234 456 2285 aut
469 2228 529 2283 siue
543 2227 652 2300 scriptis
664 2225 887 2284 manifestaverit:
904 2231 932 2280 et
943 2221 976 2278 ad
987 2237 1077 2278 enem-

100 2312 181 2386 plum
200 2311 365 2368 venditionis
385 2318 479 2368 nostra
500 2302 681 2386 corastitutin3
701 2326 745 2366 eas
767 2309 845 2366 etiam
871 2310 900 2364 in
926 2325 956 2364 se
978 2306 1077 2364 babere

101 2397 295 2452 necessitatem
311 2395 465 2452 traditionis
480 2395 580 2465 voluit,
597 2401 643 2466 nt,
664 2401 692 2450 et
707 2395 730 2450 si
745 2411 802 2451 uon
816 2393 975 2465 tradantur,
996 2390 1078 2449 habe·

101 2489 149 2536 ant
170 2481 358 2554 plenissimum
380 2489 408 2538 et
427 2480 578 2554 perfectum
598 2478 684 2535 robur
706 2485 734 2534 et
755 2477 909 2534 traditionis
930 2477 1078 2534 necessitas

100 2563 242 2625 incumbat
259 2564 393 2622 donatori.
430 2573 458 2620 et
479 2581 539 2622 cum
560 2572 635 2620 retro
656 2565 809 2638 principum
829 2563 1022 2636 dispositiones
1037 2563 1081 2616 in·

101 2651 206 2706 sinuari
228 2666 273 2706 eas
293 2651 360 2706 actis
380 2647 623 2707 intervenientibus
639 2647 783 2720 volebant,
804 2649 827 2702 si
842 2648 957 2702 maiores
978 2645 1080 2701 ducen-

100 2742 196 2790 torum
216 2733 325 2790 fuerant
345 2733 512 2805 solidorum,
531 2741 626 2790 nostra
646 2725 829 2790 constitutio4
850 2738 878 2786 et
899 2730 1078 2802 quantitatem

102 2835 191 2892 usque
207 2817 240 2875 ad
261 2819 430 2894 quingentos
442 2817 546 2876 solidos
562 2817 712 2892 ampliavit,
733 2833 813 2890 quam
833 2821 905 2870 stare
921 2820 949 2868 et
964 2814 1023 2868 sine
1038 2813 1079 2867 in·

102 2904 260 2960 sinuatione
275 2905 386 2975 statuit,
407 2911 436 2959 et
457 2901 585 2976 quasdam
601 2902 760 2958 donationes
775 2900 893 2970 invenit,
914 2914 982 2972 quae
1002 2897 1080 2972 peni·

174 3167 193 3233 1)
212 3170 245 3220 L.
264 3171 289 3220 4.
310 3169 337 3220 0.
365 3169 398 3220 de
424 3170 483 3219 don.
510 3185 532 3219 e.
557 3175 631 3220 mort.
651 3166 685 3230 (8,
705 3166 738 3217 56
756 3167 789 3216 al.
809 3165 861 3230 57).
948 3161 969 3229 ²)
988 3179 1078 3214 versus

102 3244 252 3304 sequentes,
271 3253 307 3288 eac
324 3237 433 3290 Homer.
453 3235 499 3286 Od.
520 3238 560 3295 li,
581 3235 692 3286 a8-83.
714 3236 861 3298 restitutos,
883 3235 912 3282 in
936 3231 1077 3294 archetypo

99 3305 197 3369 fnisse,
225 3311 370 3370 tantumque
396 3307 423 3355 in
449 3305 524 3355 codd.
554 3303 639 3366 (etiam
668 3298 791 3368 Tlteopb.)
815 3302 940 3366 periisse,
967 3303 1078 3362 praeter

105 3373 219 3438 Theoplt.
239 3365 302 3437 (dcci
315 3363 425 3424 τούτων
438 3370 495 3423 τῶν
508 3361 596 3435 ἐπῶν)
617 3370 772 3428 Graecorum
789 3372 815 3419 in
833 3367 981 3434 quibusdam
998 3365 1075 3414 codd.

102 3443 210 3506 oestiptc
224 3441 268 3506 (de
286 3441 376 3506 quidne
388 3442 438 3492 nid.
451 3437 572 3500 Sebrad.)
585 3441 686 3490 docent.
700 3439 781 3488 omisit
795 3438 835 3488 ed.
849 3435 901 3484 Kr.
953 3430 974 3494 ³)
987 3432 1020 3484 L.
1034 3433 1074 3481 35.

103 3510 126 3570 §-
145 3510 171 3560 5.
192 3509 222 3560 0.
242 3509 274 3559 de
293 3510 380 3559 donat.
401 3506 437 3575 (8,
455 3510 488 3560 53
508 3509 541 3558 ot.
561 3505 614 3570 54).
684 3503 705 3567 ⁴)
724 3504 756 3554 L.
775 3505 817 3554 36.
837 3502 863 3552 0.
884 3501 940 3552 eod.
