2484 3916
194 232 231 266 nn
251 229 387 266 anennual
406 229 565 274 ousnrnaru
585 231 620 264 ur
639 229 834 266 urrannsurra
852 215 889 275 11,
909 217 947 268 1⁹.
1018 213 1059 280 81

91 375 215 432 adeunda
230 373 378 430 hereditate
393 373 436 429 iel
456 389 512 430 uon
533 370 664 428 adeunda.
702 372 750 428 sed
773 374 828 427 sive
848 374 887 444 is,
914 375 958 429 cui
978 373 1059 430 absti-

92 459 176 515 nendi
192 466 314 532 potestas
329 465 387 529 est,
407 457 582 514 immiscuerit
597 473 627 511 se
642 455 721 520 bonis
736 457 921 528 hereditariis,
943 459 1000 513 sive
1013 475 1060 514 ex·

91 554 220 615 traneus,
253 544 297 598 oui
312 542 346 598 de
361 541 483 598 adeunda
497 540 647 598 hereditate
673 539 822 596 deliberare
847 541 926 614 lieet,
953 541 1059 614 adierit,

89 636 189 703 postea
203 626 395 701 relinquendae
405 625 561 682 hereditatis
574 625 727 681 laenitatem
740 624 898 698 nonhabet,
910 628 1060 684 nisiminor

91 715 128 768 sit
151 713 229 768 annis
250 712 496 785 vigintiquinque:
526 727 586 766 nam
607 710 687 766 huius
709 710 805 765 aetatis
821 709 973 766 hominibus
988 713 1059 768 sicut

90 799 118 853 in
135 797 235 852 ceteris
251 794 376 852 omnibus
391 795 479 851 causis
494 793 626 868 deceptis,
641 795 679 850 ita
702 801 729 850 et
750 795 772 849 si
788 802 889 849 temere
905 794 1059 852 damnosam

90 880 271 938 hereditatem
293 881 477 954 susceperint,
497 886 609 954 praetor
628 880 772 934 succurrit.
811 877 954 934 Sciendum
970 888 1092 938 tament

90 973 149 1038 est,
177 965 268 1020 divum
295 963 457 1020 Hadrianum
483 965 563 1020 etiam
590 964 683 1019 maiori
709 964 804 1038 viginti
835 963 956 1038 quinque
982 968 1059 1022 annis

89 1051 197 1106 veniam
213 1049 330 1119 dedisse,
346 1065 407 1106 oum
427 1056 490 1122 post
511 1047 609 1104 aditam
625 1047 802 1104 hereditatem
818 1047 920 1122 grande
935 1065 980 1104 aes
996 1050 1060 1106 alie·

88 1151 171 1206 num,
188 1133 263 1206 quod
279 1132 365 1190 aditae
381 1132 537 1188 hereditatis
552 1141 676 1206 tempore
691 1131 807 1203 latebat,
823 1133 987 1190 emersisset.
1012 1134 1057 1190 sed

90 1220 145 1274 hoc
165 1217 243 1274 divus
269 1217 377 1292 quidem
400 1217 548 1272 Hadrianus
571 1216 680 1290 speciah
699 1214 831 1276 beneficio
858 1217 962 1274 cuidam
982 1237 1059 1293 prae·

88 1303 178 1372 stitit3
194 1302 271 1357 divus
286 1310 376 1358 autern
392 1300 542 1358 Gordianus
561 1308 656 1375 postea
676 1303 704 1357 iu
719 1300 848 1358 militibus
872 1304 1058 1360 tantummodo

89 1389 147 1443 hoe
162 1386 295 1442 extendit:
317 1386 365 1442 sed
380 1394 473 1442 nostra
487 1385 676 1442 benevolentia
691 1403 834 1442 commune
856 1385 980 1442 omnibus
995 1388 1058 1444 sub·
1072 1391 1105 1453 (6)

88 1473 170 1528 ieotis
183 1473 295 1545 imperio
316 1479 412 1528 nostro
433 1472 486 1528 hoc
499 1472 646 1544 praestavit
659 1469 818 1527 beneficium
840 1478 867 1526 et
887 1473 1060 1528 constitutio·

87 1549 174 1612 nem¹
191 1563 244 1611 tam
259 1557 449 1629 aequissimam
469 1571 549 1630 quam
565 1553 683 1610 nobilem
699 1557 822 1628 scripsit,
845 1556 920 1610 cuius
937 1565 1059 1612 tenorem

87 1643 112 1696 si
130 1639 333 1696 observaverint
347 1640 486 1713 homiues,
502 1639 566 1696 licet
581 1641 620 1696 eis
635 1637 708 1694 adire
723 1638 899 1694 hereditatem
915 1649 942 1696 et
958 1641 984 1696 iu
1002 1647 1059 1698 tan·

86 1735 149 1782 tum
167 1726 270 1795 teneri,
295 1726 323 1780 in
339 1732 468 1798 quantum
484 1723 573 1780 valere
597 1722 667 1779 hona
684 1723 841 1780 hereditatis
856 1726 1007 1799 contingit,
1028 1736 1058 1781 ut

87 1827 123 1867 ex
139 1810 191 1864 hau
205 1825 285 1865 eausa
294 1825 383 1884 neque
399 1807 599 1866 deliberationis
611 1808 740 1864 auxilium
755 1809 794 1864 eis
810 1807 855 1864 liat
866 1811 1057 1882 necessarium,

86 1895 142 1950 nisi
157 1895 256 1949 omissa
271 1893 459 1950 observatione
473 1900 583 1950 nostrae
598 1893 800 1950 constitutionis
815 1901 842 1950 et
857 1893 1058 1952 deliberandum

86 1979 303 2035 existimaverint
318 1986 344 2034 et
361 1994 420 2034 sese
434 1979 519 2034 veteri
531 1977 677 2052 gravamini
691 1977 817 2033 editionis
832 1996 987 2052 supponere
1002 1997 1057 2038 ma·

86 2063 203 2132 luerint.
242 2055 333 2118 ²ltem
348 2070 493 2118 extraneus
513 2063 607 2132 heres,
628 2068 793 2117 testamento
808 2064 949 2118 institutus
965 2073 1011 2120 aut
1027 2066 1058 2122 ab
1077 2069 1091 2116 7

85 2150 222 2204 intestato
249 2145 282 2202 ad
306 2147 453 2222 legitimam
479 2146 656 2202 hereditatem
676 2153 803 2216 vocatus,
829 2155 921 2220 potest
942 2157 988 2202 aut
1008 2167 1059 2222 pro

86 2231 192 2288 herede
206 2231 329 2305 gerendo
349 2232 391 2288 vel
413 2232 492 2286 etiarn
512 2231 583 2286 nuda
598 2229 738 2286 voluntate
753 2230 938 2304 suscipiendae
954 2232 1060 2288 heredi·

86 2318 155 2372 tatis
176 2317 256 2372 heres
277 2314 345 2372 fieri.
383 2331 433 2392 pro
454 2314 554 2372 herede
575 2322 665 2370 autem
691 2330 788 2388 gerere
814 2315 874 2388 quis
894 2314 1014 2388 videtur,
1036 2319 1059 2372 si

86 2400 173 2458 rebus
189 2400 359 2458 hereditariis
375 2407 508 2474 tamquam
526 2401 605 2456 heres
627 2406 719 2454 utatur
739 2397 781 2454 vel
797 2398 938 2456 vendendo
953 2417 997 2456 res
1012 2401 1059 2456 he-

86 2485 233 2541 reditarias
253 2492 300 2541 aut
320 2483 430 2560 praedia
445 2483 561 2540 colendo
582 2483 730 2540 locandove
745 2491 774 2540 et
789 2500 901 2559 quoquo
917 2484 1014 2556 modo,
1036 2488 1059 2541 si

87 2570 260 2626 veluntatem
280 2585 357 2626 suam
373 2569 490 2625 declaret
511 2569 552 2624 vel
573 2585 602 2624 re
619 2567 660 2624 vel
677 2567 763 2624 verbis
785 2568 818 2624 de
838 2568 961 2626 adeunda
982 2571 1059 2625 here·

87 2655 191 2725 ditate,
207 2653 354 2711 dummodo
370 2655 452 2726 sciat,
469 2669 546 2726 eum,
566 2655 593 2708 iu
609 2655 686 2708 euius
701 2652 780 2709 bonis
796 2670 845 2727 pro
862 2652 961 2709 herede
977 2656 1057 2727 gerit,

86 2745 194 2794 testato
209 2739 373 2796 intestatove
389 2736 488 2794 obiisse
504 2744 576 2794 etse
592 2739 617 2796 ei
633 2737 759 2794 heredem
781 2754 849 2794 esse.
891 2753 942 2812 pro
958 2737 1058 2792 herede

87 2823 163 2879 enim
173 2839 271 2898 gerere
287 2831 328 2880 est
343 2839 394 2898 pro
410 2821 520 2879 domino
535 2839 646 2898 gerere:
673 2830 778 2879 veteres
793 2823 864 2878 enirn
879 2821 993 2878 heredes
1008 2839 1058 2896 pro

89 2908 209 2964 dominis
224 2906 403 2984 appellabant.
442 2899 530 2964 ³sicut
551 2915 640 2963 autem
661 2906 733 2962 nuda
753 2907 893 2963 voluntate
913 2913 1058 2962 extraneus

88 2993 171 3048 heres
186 2989 234 3063 fit,
249 2993 286 3048 ita
301 2999 329 3048 et
344 2993 477 3049 contraria
491 2992 673 3064 destinatione
688 2992 779 3046 statim
794 2990 826 3046 ab
849 2991 1001 3048 hereditate
1016 3009 1059 3048 re·

88 3077 212 3150 pelbtur.
251 3092 328 3149 eum,
355 3078 402 3150 qui
428 3083 519 3132 mutus
544 3075 587 3132 vel
612 3075 712 3132 surdus
737 3084 879 3132 natusest
901 3076 942 3132 vel
963 3085 1059 3149 postea

89 3160 195 3234 laetus,
216 3159 283 3222 nihil
302 3160 430 3234 prohibet
450 3177 501 3236 pro
521 3160 621 3218 herede
637 3177 733 3234 gerere
749 3167 775 3216 et
791 3160 933 3236 adquirere
947 3159 997 3216 sihi
1013 3161 1060 3215 he·

89 3244 250 3317 reditatem‚
267 3246 290 3300 si
305 3254 393 3302 tamen
408 3245 561 3320 intellegit,
579 3245 652 3320 quod
668 3246 773 3320 agitur..

89 3378 296 3386 -..η-μ*

161 3444 179 3507 ¹)
201 3446 232 3494 L.
251 3446 293 3499 22.
315 3445 340 3496 0.
361 3447 393 3494 (le
410 3447 428 3494 i.
448 3443 523 3494 derit.
542 3443 576 3508 (6,
595 3443 646 3504 30).
721 3442 741 3504 ²)
760 3446 815 3496 iaie.
835 3463 868 3485 ==
888 3443 944 3492 Gai.
964 3443 987 3499 2,
1011 3443 1059 3491 167

89 3520 149 3562 mut.
221 3511 241 3576 3)
313 3511 459 3578 repellitur
474 3512 532 3575 fere
550 3531 584 3552 ==
603 3511 659 3561 (lai.
679 3513 704 3569 2,
727 3511 781 3563 tet.

125 3611 287 3667 resultatum
307 3611 537 3648 tusrtrv‘ltortus.
887 3598 905 3654 6
