2484 3916
273 238 309 274 nn
328 237 566 276 nxnnnnnauuonn
585 241 752 278 crannonuu
770 229 808 292 11,
829 231 870 282 13'.
1016 231 1057 294 67

84 381 136 450 sit,
158 381 219 452 quia
239 379 342 436 scilicet
364 379 397 436 ab
416 382 493 437 initio
515 398 571 438 non
592 385 746 440 constiterit
767 392 968 444 testamentum.
1007 389 1057 446 sed

83 480 140 519 non
154 465 192 519 ita
207 463 241 520 dc
256 463 360 520 filiabus
381 464 425 521 vel
444 465 503 522 aliis
524 483 575 540 per
588 467 694 524 virilem
714 484 807 524 senum
829 471 1056 530 descendentibus

82 547 174 604 liberis
195 551 339 622 utriusque
358 566 439 605 senus
461 548 550 606 iuerat
571 553 725 624 antiquitati
746 551 932 612 observatum:
963 557 1012 614 sed
1033 559 1056 614 si

82 649 138 689 nou
158 633 276 690 inerant.
288 633 403 690 heredes
423 636 519 708 scripti
538 637 688 710 scriptaeve
702 635 745 692 vel
767 638 922 696 exheredati
943 641 1055 698 exhere-

82 717 209 790 dataeve,
230 725 423 775 testamentum
438 719 548 792 quidem
562 737 619 776 non
632 719 832 794 infirmabatur,
847 725 889 780 ius
905 734 994 783 autem
1010 727 1056 783 ad·

81 802 222 858 crescendi
237 804 275 858 eis
291 802 323 858 ad
339 811 438 860 certam
453 805 607 878 portionem
622 804 820 879 praestabatur.
849 808 897 864 sed
908 825 958 866 nec
968 812 1055 867 norni-

80 889 232 942 netimeas
257 903 387 961 personas
410 888 575 945 exheredare
596 888 753 964 parentibus
774 907 886 948 necesse
907 901 980 965 erat,
1006 895 1054 950 sed
1125 935 1127 940 -

80 969 178 1026 licebat
195 978 223 1028 et
236 973 309 1028 inter
323 979 430 1028 ceteros
446 973 499 1028 hoc
513 972 611 1030 iacere.
644 968 927 1033 1iiomiuatimautem
943 978 1054 1034 exhere·
1073 983 1087 1028 1

80 1051 137 1112 dari
159 1057 222 1130 quis
242 1055 365 1128 vitietur,
386 1057 443 1112 sive
462 1058 500 1113 ita
521 1058 702 1116 exheredetur
721 1059 829 1118 'imus
850 1078 1054 1122 saurusuuus

79 1155 225 1198 smnus
245 1157 342 1213 nero,
367 1142 424 1198 sive
444 1143 481 1198 ita
500 1159 605 1202 numne
627 1161 710 1203 unns
733 1161 875 1204 amaus
896 1163 976 1206 asro
997 1163 1054 1203 non

79 1225 185 1282 adiecto
215 1227 328 1300 proprio
358 1227 484 1298 nomine,
513 1227 616 1284 scilicet
645 1230 670 1284 si
695 1228 762 1286 alius
789 1228 861 1286 iilius
887 1248 942 1288 non
968 1239 1051 1288 estet.

79 1301 221 1382 ²postumi
236 1325 346 1384 quoque
366 1309 444 1368 liberi
460 1311 502 1367 vei
516 1311 631 1368 heredes
647 1315 754 1370 institui
769 1313 869 1372 dehent
883 1316 926 1372 vel
941 1317 1053 1373 exhere-

78 1393 147 1450 dari.
176 1401 203 1450 et
214 1396 242 1450 iu
255 1410 288 1450 eo
300 1411 349 1468 par
360 1397 480 1452 omnium
491 1395 614 1452 condicio
626 1405 678 1470 est,
691 1399 766 1472 quod
777 1405 807 1455 et
816 1401 844 1454 in
856 1399 911 1456 filio
923 1409 1052 1474 postumo

80 1485 109 1534 et
123 1479 152 1534 in
169 1478 290 1551 quolibet
304 1495 337 1535 ex
353 1481 451 1536 ceteris
466 1479 558 1536 liberis
573 1481 629 1537 sive
643 1481 766 1538 feminini
781 1499 861 1540 sexus
876 1486 932 1540 sive
947 1502 1052 1542 mascu-

76 1562 125 1618 lini
144 1565 293 1636 praeterito
316 1563 386 1620 valet
406 1563 515 1638 quidem
535 1571 743 1639 testamentum,
769 1567 818 1622 sed
838 1575 934 1642 postea
953 1569 1053 1644 adgna-

76 1649 153 1704 tioue
176 1649 297 1721 postumi
311 1649 367 1705 sive
380 1655 524 1722 postumae
538 1652 674 1724 rumpitur
688 1658 717 1708 et
731 1668 763 1708 ea
777 1653 882 1709 ratione
902 1660 992 1710 totum
1012 1655 1053 1709 in·

77 1730 217 1788 firmatur:
242 1732 360 1807 ideoque
381 1734 404 1788 si
425 1733 537 1807 mulier,
563 1751 596 1790 ex
617 1753 670 1810 qua
689 1741 834 1811 postumus
854 1745 901 1794 aut
925 1745 1052 1812 postuma

76 1815 254 1890 sperabatur,
276 1815 401 1874 abortum
421 1817 531 1892 iecerit,
558 1820 626 1876 nihil
645 1814 859 1897 impedimento³
880 1829 923 1879 est
944 1823 1052 1896 scriptis

76 1899 227 1958 heredibus
248 1901 281 1958 ad
306 1901 483 1960 hereditatem
510 1904 669 1962 adeundam.
721 1907 769 1963 sed
795 1906 915 1963 ieminini
943 1907 1051 1981 quidem

76 2001 158 2042 serus
176 2001 310 2060 personae
325 1987 368 2043 vel
388 1989 547 2044 nominatim
561 1989 604 2046 vei
623 1991 696 2046 inter
710 1997 819 2046 ceteros
835 1991 993 2048 exheredari
1007 2007 1052 2047 so·

75 2069 187 2142 iebant,
209 2070 273 2127 dum
288 2078 393 2144 tamen,
414 2073 437 2128 si
451 2074 525 2129 inter
538 2079 646 2130 ceteros
661 2073 876 2146 exheredeutur,
897 2075 997 2147 aliquid
1012 2077 1051 2130 eis

74 2155 205 2230 legetur,
225 2171 260 2212 ne
273 2155 416 2214 videantur
431 2173 480 2231 per
496 2155 657 2214 oblivionem
672 2157 835 2232 praeteritae
850 2173 925 2230 esse,
947 2173 1051 2214 mascu-

74 2241 116 2296 los
130 2256 201 2296 vero
216 2247 375 2314 postumus,
390 2241 418 2296 id
434 2247 477 2297 est
491 2239 576 2297 filium
592 2249 620 2297 et
634 2240 771 2316 deinceps,
787 2241 888 2315 placuit
901 2257 958 2297 non
973 2240 1051 2298 aliter

75 2332 149 2380 recte
174 2324 347 2398 exheredari,
374 2326 426 2382 nisi
446 2327 604 2382 nominatim
628 2325 842 2398 exheredantur,
868 2327 922 2382 hoc
947 2325 1051 2382 scilicet

75 2409 178 2466 modo:
194 2425 379 2476 coronaeus
393 2427 466 2468 num
478 2425 584 2470 sumus
601 2425 738 2470 scurrus
751 2426 884 2484 suumn,
906 2426 1050 2468 extruens

74 2507 169 2552 uero.
200 2492 393 2551 Postumorum
408 2503 497 2552 autem
517 2495 578 2552 loco
594 2502 659 2550 sunt
673 2502 702 2552 et
716 2495 759 2568 bi,
782 2496 829 2570 qui
842 2496 871 2550 iu
886 2497 928 2552 sui
943 2496 1050 2552 heredis
1069 2497 1084 2545 2

74 2579 169 2636 locum
181 2579 351 2636 succedendo
367 2581 444 2654 quasi
455 2579 644 2654 adgnascendo
660 2578 731 2637 hunt
744 2579 903 2654 parentibus
915 2581 957 2635 sui
971 2581 1050 2636 here·
1102 2645 1106 2649 .

75 2663 131 2720 des.
174 2671 206 2719 ut
220 2680 282 2720 ecce
297 2665 321 2720 si
337 2665 398 2738 quis
417 2661 503 2720 fihum
519 2671 548 2721 et
562 2681 595 2720 er
610 2681 643 2720 eo
658 2672 787 2739 nepotem
801 2671 944 2738 neptemve
958 2664 986 2719 in
1000 2680 1050 2736 pc·

74 2755 178 2805 testate
198 2747 310 2820 habeat,
334 2751 397 2822 quia
417 2747 489 2804 filius
509 2748 596 2824 gradu
615 2749 770 2822 praecedit,
791 2750 814 2804 is
835 2748 910 2804 scius
931 2747 990 2802 iura
1007 2749 1050 2802 sui

74 2832 190 2889 heredis
204 2830 293 2904 hahet,
310 2835 430 2907 quamvis
444 2848 532 2907 nepos
547 2849 658 2908 quoque
673 2841 701 2890 et
715 2835 805 2907 neptis
820 2849 853 2888 ex
865 2848 898 2888 eo
913 2832 941 2887 in
956 2830 1050 2888 eadem

73 2923 215 2990 potestate
230 2923 309 2972 sunt:
329 2918 377 2974 sed
399 2919 422 2974 si
437 2915 509 2974 filius
524 2920 583 2974 eius
597 2919 657 2974 vivo
672 2935 706 2974 eo
721 2919 853 2974 moriatur
867 2924 915 2974 aut
929 2915 1051 2990 qualibet

75 3001 126 3057 alia
142 3003 251 3058 ratione
266 3009 344 3058 exeat
358 3002 392 3059 de
411 3004 639 3076 potestate'eius,
660 3003 754 3076 incipit
773 3018 859 3077 nepos
881 3003 1005 3076 neptisve
1021 3003 1058 3058 in

76 3087 135 3142 eius
158 3086 251 3143 iocum
269 3086 415 3144 succedere
430 3093 459 3144 et
474 3103 507 3145 eo
522 3087 603 3144 modo
623 3088 681 3143 iura
696 3103 807 3144 suorum
823 3086 954 3144 heredum
974 3087 1050 3160 quasi

148 3317 169 3381 ¹)
186 3323 282 3384 parum
298 3341 332 3362 =
352 3321 409 3371 oar.
427 3322 451 3380 e,
471 3321 531 3370 aar.
616 3318 637 3382 ²)
656 3341 690 3362 =
711 3319 769 3370 aas.
787 3321 811 3378 e,
831 3321 888 3374 130.
909 3320 966 3371 131.
983 3324 1048 3389 rest,

129 3389 181 3438 134
197 3395 260 3438 rest.
278 3387 342 3438 haec
360 3391 435 3439 etium
453 3405 489 3438 ιω
506 3391 539 3438 L.
559 3391 599 3440 13.
618 3389 653 3438 D.
681 3390 714 3440 de
735 3389 829 3438 iniusto
846 3391 922 3450 rupto
941 3384 992 3448 (28,
1012 3382 1048 3446 3),

75 3453 96 3516 ³)
116 3455 346 3519 impedimentum
364 3471 400 3507 eac
417 3457 492 3510 codd.
505 3463 553 3510 oet.
573 3456 613 3508 ed.
629 3455 677 3506 Kr.
729 3451 751 3521 4)
771 3455 832 3504 loco
850 3469 885 3503 em
902 3453 977 3503 codd.
997 3458 1047 3504 oet.

74 3524 117 3573 ed.
140 3521 191 3576 Kr.
849 3603 895 3662 5*
