2486 3916
140 199 182 265 52
448 213 484 248 un
504 211 715 249 nouamoumus
732 197 770 259 11,
789 199 813 247 7.

147 359 206 414 redi
228 365 255 412 ct
276 356 412 412 honorum
432 355 601 428 possessori,
634 353 696 410 licet
716 353 870 428 ignoranti,
896 353 1036 426 possessio
1057 369 1120 408 oon

146 441 270 516 prodest.
308 439 382 513 quod
401 448 496 495 nostra
510 432 690 496 constitutio¹
711 437 835 494 similiter
850 445 878 492 et
898 439 926 492 in
941 437 1120 510 usucapioni-

96 535 127 585 13
145 525 196 582 bus
213 525 350 582 observari
365 525 522 595 constituit,
538 529 569 578 ut
583 530 706 596 tempora
719 523 923 578 continuentur.
961 521 1035 577 lnter
1049 539 1120 576 ven·

145 611 264 666 ditarem
281 625 391 683 quoque
407 615 434 664 et
450 615 600 682 emptorem
612 609 742 682 coniungi
757 614 890 679 tempora,
906 599 979 662 divi²
995 605 1118 662 Severus

147 701 176 752 et
190 695 344 750 Antoninus
359 695 568 766 rescripserunt.
1065 755 1069 761 ι

97 789 129 838 14
210 777 305 836 Edicto
328 779 381 834 divi
400 777 481 834 Marci
501 783 626 848 cavetur,
647 793 724 847 eum,
747 777 823 849 quia
844 773 910 830 fisco
925 791 984 830 rem
1000 775 1119 831 alienam

144 865 225 936 emit,
248 864 271 920 si
292 870 357 937 post
378 861 561 918 venditionem
588 861 803 935 quinquennium
822 860 1010 934 praeterierit,
1031 875 1119 932 posse

144 948 285 1005 dominum
306 949 346 1003 rei
368 964 419 1020 per
443 946 630 1019 exceptionem
651 945 796 1018 repellere.
840 945 1002 1000 constitutio
1023 952 1118 999 autem

84 1033 86 1042 '
145 1033 221 1090 divae
237 1033 383 1088 memoriae
403 1022 539 1086 Zenonis³
559 1028 628 1085 hene
641 1030 784 1103 prospexit
804 1029 861 1101 his,
884 1030 930 1102 qui
952 1027 1119 1102 atiscoper

144 1117 329 1172 venditionem
349 1115 393 1170 vel
414 1114 589 1170 donationem
615 1114 661 1170 vel
689 1114 769 1169 alium
790 1113 901 1170 titulum
922 1113 1025 1187 aliquid
1048 1115 1119 1168 acei-

144 1202 239 1276 piunt,
261 1206 292 1256 ut
312 1201 365 1274 ipsi
380 1199 488 1274 quidem
509 1199 598 1254 securi
612 1200 704 1254 statim
724 1197 790 1254 fiant
811 1205 839 1254 et
853 1199 969 1254 victores
985 1199 1119 1270 existant,

144 1287 201 1340 sive
223 1286 421 1340 conveniantur
446 1285 503 1340 sire
529 1283 716 1357 experiantur:
748 1282 876 1339 adversus
902 1283 1118 1338 sacratissimum

145 1375 236 1426 autem
257 1371 390 1426 aerarium
411 1385 500 1443 usque
520 1368 553 1423 ad
569 1367 775 1441 quadriennium
796 1368 875 1424 liceat
896 1367 1039 1424 intendere
1062 1368 1118 1438 his,

145 1455 192 1528 qui
207 1471 258 1528 pro
274 1455 394 1511 dominio
415 1453 458 1509 vel
479 1453 632 1526 hypotheca
652 1469 744 1508 earum
765 1469 873 1525 rerum,
900 1468 969 1525 quae
983 1451 1119 1508 alienatae

146 1547 225 1610 sunt,
252 1540 407 1614 putaverint
432 1535 483 1594 sibi
507 1537 636 1610 quasdam
663 1543 820 1610 competere
845 1538 975 1593 actiones.
1019 1545 1119 1592 nostra

145 1630 236 1678 autem
251 1624 340 1680 divina
355 1616 553 1692 constitutio‚⁴
574 1637 654 1695 quam
668 1637 756 1695 nuper
770 1621 1018 1695 promulgavimus,
1034 1622 1119 1676 etiam

145 1708 179 1763 de
207 1708 263 1778 his,
293 1709 339 1780 qui
360 1714 487 1762 anostra
507 1705 550 1761 vel
570 1704 730 1761 venerahilis
750 1706 890 1780 Augustae
910 1704 991 1761 domo
1013 1705 1119 1779 aliquid

146 1791 316 1862 acceperint,
333 1791 399 1845 haec
414 1791 525 1860 statuit,
543 1805 611 1862 quac
626 1790 655 1844 in
666 1787 800 1845 fiscalibus
816 1789 1021 1848 alienationibus
1037 1805 1118 1866 prae·

148 1875 203 1930 sata
217 1874 370 1931 Zenoniana
385 1867 601 1930 constitutione⁵
617 1873 801 1930 continentur.

571 2071 628 2112 um.
642 2071 694 2112 vn.

449 2176 500 2226 DE
523 2173 807 2259 DONptTIONIBUS.

95 2307 131 2347 Pr.
215 2297 262 2353 Est
277 2299 357 2353 etiam
372 2299 444 2354 aliud
459 2315 546 2372 genus
561 2298 760 2372 adquisitionis,
776 2296 895 2354 donatio.
933 2297 1118 2358 Donatiouum

148 2389 239 2437 autem
266 2382 320 2436 duo
342 2399 442 2455 genera
463 2389 542 2437 sunt:
569 2383 666 2438 mortis
686 2399 766 2438 eausa
789 2389 816 2438 et
831 2397 887 2438 non
907 2383 1004 2438 mortis
1025 2399 1115 2438 causa.

115 2472 128 2520 1
148 2465 242 2522 Mortis
258 2481 339 2522 causa
353 2465 463 2522 donatio
480 2473 538 2536 est,
554 2480 622 2540 quae
636 2475 750 2540 propter
764 2467 860 2522 mortis
875 2465 906 2522 tit
921 2468 1117 2542 suspicionem,

147 2567 209 2606 oum
226 2551 285 2624 quis
301 2551 338 2606 ita
353 2549 451 2622 donat,
472 2558 519 2622 ut,
540 2550 564 2606 si
580 2549 644 2624 quid
659 2551 815 2608 humanitus
831 2552 856 2606 ei
870 2553 1049 2626 contigisset,
1069 2552 1118 2607 ha·

147 2634 225 2690 beret
248 2637 286 2707 is,
309 2636 355 2708 qui
375 2636 492 2710 accepit:
522 2635 565 2690 sin
586 2642 677 2691 autem
696 2637 905 2710 supervixisset,
928 2637 975 2710 qui
995 2636 1116 2707 donavit,

147 2721 298 2794 reciperet,
314 2719 356 2776 vel
371 2721 394 2778 si
410 2735 471 2776 eum
486 2719 640 2776 donationis
656 2721 855 2794 poenituisset,
871 2729 918 2777 aut
932 2721 1009 2795 prior
1023 2721 1119 2777 deces-

219 2951 237 3016 ¹)
256 2955 289 3002 L.
308 2955 331 3002 1.
349 2953 381 3004 0.
399 2954 431 3002 de
448 2967 517 3004 usuc.
540 2953 635 3016 transf.
660 2952 698 3016 (7,
718 2951 769 3016 31).
856 2949 877 3020 ²)
899 2955 976 3005 codd.
998 2957 1117 3020 plerique

148 3020 228 3083 inser.
247 3036 294 3071 om.
318 3021 430 3086 Theoptt.
450 3019 529 3071 divus
547 3023 623 3072 codd.
642 3027 691 3071 oet.
709 3023 750 3071 ed.
763 3021 839 3072 Scdr.
857 3028 884 3072 et
900 3023 953 3076 Kr.
1004 3019 1024 3084 ³)
1044 3023 1077 3075 L.
1090 3023 1116 3072 2.

150 3088 180 3138 Ο.
199 3090 232 3138 de
250 3090 344 3153 quadr.
361 3104 483 3152 praescr.
501 3088 534 3152 (7,
559 3088 611 3151 37).
691 3087 713 3152 ⁴)
730 3090 763 3143 L.
782 3093 807 3140 3.
827 3089 856 3140 0.
874 3091 931 3143 eod.
1000 3087 1021 3153 ᾖ)
1039 3092 1118 3144 codd.

148 3156 228 3219 inser.
246 3155 358 3221 Theopd.
375 3155 525 3221 praefatae
541 3157 720 3208 Zenonienae
734 3159 940 3209 constitutionis
957 3161 1022 3208 male
1038 3161 1116 3210 codd.

149 3231 197 3275 oet.
217 3225 276 3284 edd.
295 3223 370 3278 sear.
394 3231 419 3274 et
435 3223 486 3276 Kr.
509 3227 584 3291 quasi
604 3230 627 3276 te
643 3227 767 3290 genitivus
780 3227 896 3290 pendeat
918 3225 950 3276 ab
968 3225 1117 3277 alienatio-

149 3291 245 3356 nibus,
265 3309 312 3342 nec
330 3300 381 3342 tam
398 3291 430 3342 ab
448 3294 505 3356 ipsa
523 3295 679 3358 imperatore
696 3295 737 3343 oet
752 3293 872 3358 Aupueta
881 3295 971 3357 saetae
984 3296 1118 3346 alienatio·

149 3374 194 3409 nea
208 3361 351 3422 fiscalibus,
369 3377 444 3425 qaam
460 3361 600 3410 Iustiniani
616 3368 642 3410 et
655 3361 765 3412 Zenonis
781 3368 895 3426 tempore
904 3363 993 3426 sactae
1009 3363 1061 3414 eidi
1071 3379 1119 3428 op-

147 3435 292 3489 ponantur:
309 3445 366 3478 nam
382 3430 499 3494 plerique
516 3445 653 3494 perperam
672 3432 703 3481 de
714 3430 824 3494 genitivo
841 3445 892 3495 pro
904 3430 1013 3482 adlatido
1031 3433 1117 3496 posito

147 3496 267 3560 cogitant.
