2484 3916
236 197 273 233 nn
295 197 363 233 rone
383 196 535 245 nanuum,
556 181 930 240 orurruunrcrv1n11,2.
1047 178 1068 243 5

94 340 169 415 apud
199 339 316 396 Graecos
343 341 471 414 egregins
497 337 647 409 Homerus,
674 337 745 412 apud
771 355 821 394 uos
849 337 993 412 Vergilius.
1024 339 1067 393 ius

94 431 188 480 autem
210 426 332 499 gentium
354 425 426 480 omni
448 425 564 479 humano
586 427 680 497 generi
694 439 836 480 commune
852 431 902 478 est.
934 437 994 478 nam
1017 438 1079 481 usu.

93 512 226 584 exigente
245 518 274 564 et
295 509 416 564 humanis
442 507 647 564 necessitatibus
669 516 765 582 gentes
785 508 916 564 humanae
936 505 1067 579 quaedam

94 594 147 650 sibi
164 595 383 650 constituerunt:
404 592 475 650 bella
491 593 591 650 etenim
607 599 667 648 orta
681 599 747 648 sunt
767 599 794 647 et
809 593 976 665 captivitates
991 607 1068 647 secu·

95 689 140 736 tae
156 687 185 734 et
201 679 363 749 servitutes,
380 694 448 752 qnae
463 685 528 734 suut
541 678 595 733 iuri
609 676 724 732 naturali
746 677 895 732 contrariae
911 675 980 748 (iure
996 677 1067 732 euim

95 763 215 819 naturali
236 761 268 818 ab
283 764 361 818 initio
384 779 478 818 omnes
499 763 623 818 homines
638 761 716 817 liberi
731 759 937 831 nascebantur);
963 777 996 815 es
1016 761 1068 815 hoc

94 851 156 904 inre
172 849 296 922 gentium
316 855 345 902 et
366 863 459 903 omnes
480 863 565 920 paene
587 853 743 902 contractus
759 844 908 900 introducti
932 853 1013 915 sunt,
1037 853 1068 899 ut

97 934 200 1006 emptio
216 932 353 1002 venditio,
369 932 468 988 locatio
485 929 648 1002 conductio,
669 932 801 1000 societas,
825 929 994 1003 depositum,
1010 945 1068 984 mu-

95 1025 176 1072 tuum
191 1025 219 1071 et
233 1015 277 1072 alii
291 1015 509 1072 innumerabiles.

164 1095 294 1157 ¹Gonstat
320 1109 411 1156 autem
437 1103 479 1156 ius
501 1109 626 1156 nostrum
647 1108 694 1158 aut
712 1117 745 1156 ex
767 1101 870 1173 scripto
892 1107 938 1154 aut
959 1115 991 1153 ex
1012 1113 1068 1154 non
1086 1113 1102 1161 3

95 1187 219 1259 scripto,
235 1194 266 1240 ut
281 1185 353 1259 apud
374 1185 506 1242 Graecos:
536 1190 599 1242 suiv
620 1177 721 1260 νόμων
742 1177 846 1258 οἱμὲν
867 1177 1019 1260 ἔγγραφοι,
1041 1178 1072 1238 oi

94 1262 130 1326 δὲ
152 1264 295 1346 ἄγραφοι.
346 1269 481 1344 Scriptum
501 1273 544 1326 ius
567 1278 609 1326 est
629 1270 689 1340 lex,
711 1269 865 1344 plebiscita,
892 1275 1068 1324 senatuscon-

95 1355 185 1426 sulta,
201 1353 354 1428 principum
369 1355 483 1428 placita,
504 1357 712 1429 magistratuum
730 1354 831 1424 edicta,
853 1370 984 1427 respousa
1004 1367 1069 1425 pru·

96 1440 230 1496 dentium.
269 1432 348 1495 ²Lex
371 1447 428 1509 est,
450 1439 523 1512 qnod
544 1438 663 1512 populus
678 1438 813 1494 Romanus
835 1428 994 1493 senatorio³
1015 1453 1068 1490 ma·
1086 1447 1103 1495 4

96 1527 218 1598 gistratu
232 1525 437 1597 interrogante,
459 1523 541 1578 veluti
562 1522 691 1594 consule,
714 1521 905 1578 constituebat.
943 1519 1069 1594 plebisci-

95 1618 156 1664 tum
173 1615 230 1680 est,
252 1607 327 1681 quod
350 1607 427 1681 plebs
448 1606 555 1681 plebeio
576 1609 737 1682 magistratu
758 1609 964 1680 interrogante,
985 1604 1069 1660 veluti

96 1693 226 1764 tribuno,
242 1691 433 1752 constituebat.
472 1691 549 1766 plebs
572 1697 663 1748 autem
678 1709 692 1747 a
706 1691 810 1766 popolo
832 1705 872 1747 eo*
886 1690 991 1761 differt,
1011 1706 1068 1762 quo

95 1779 204 1852 species
220 1795 234 1833 a
251 1793 369 1851 genere:
384 1793 446 1832 nam
461 1777 642 1852 appellatione
656 1777 751 1850 populi
766 1777 885 1832 universi
900 1777 971 1831 cives
983 1775 1068 1848 signi-

96 1863 232 1934 ficantur,
254 1863 454 1918 connumeratis
476 1862 555 1917 etiam
575 1863 695 1935 patriciis
718 1869 745 1917 et
765 1860 951 1917 senatoribus:
981 1858 1068 1932 plebis

96 1956 188 2004 autem
215 1946 395 2022 appellatione
419 1948 477 2002 sine
503 1947 620 2020 patriciis
647 1954 674 2001 et
699 1945 869 2002 senatoribus
889 1946 975 2000 ceteri
997 1945 1068 2000 cives

94 2030 297 2107 significantur.
349 2031 398 2086 sed
423 2038 451 2086 et
476 2029 630 2104 plebiscita,
661 2030 724 2104 lege
747 2029 891 2085 Hortensia
917 2029 986 2102 lata,
1012 2045 1068 2082 non

95 2120 187 2173 minus
203 2117 292 2172 valere
313 2131 392 2188 mam
412 2115 489 2189 leges
510 2122 670 2188 coeperunt.
707 2108 1001 2170 ⁴¹Senatusconsultum
1016 2120 1068 2182 est,
1087 2124 1103 2173 5

97 2202 173 2276 quod
188 2209 299 2256 senatus
314 2199 389 2256 iubet
410 2207 491 2273 atque
512 2200 664 2254 constituit.
702 2213 763 2254 nam
776 2215 837 2253 curn
853 2204 947 2252 auctus
963 2204 1005 2252 est
1020 2212 1069 2269 po·

95 2287 180 2360 pulus
195 2285 332 2341 Romanus
351 2287 380 2340 in
402 2299 464 2341 eum
483 2285 609 2354 modum,
636 2291 667 2338 ut
682 2280 793 2338 difficile
813 2283 849 2337 sit
863 2283 891 2337 in
907 2297 990 2338 uuum
1006 2297 1068 2336 eum

97 2372 243 2427 convocari
258 2371 328 2444 legis
344 2369 502 2426 sanciendae
522 2385 618 2440 causa,
641 2385 757 2442 aequum
778 2369 865 2422 visum
886 2374 929 2422 est
944 2374 1068 2421 senatum

95 2458 155 2512 vice
170 2455 267 2529 populi
282 2455 397 2510 consuli.
428 2449 499 2510 ⁵Sed
515 2461 543 2510 et
559 2453 632 2526 quod
647 2453 762 2527 principi
772 2451 891 2526 placuit,
907 2451 977 2524 legis
988 2449 1070 2506 habet
1088 2459 1103 2506 6

95 2543 238 2615 vigorem,
259 2555 320 2596 cnm
336 2539 398 2613 lege
413 2541 504 2612 regia,
527 2555 596 2612 quae
616 2537 650 2594 de
670 2539 783 2611 imperio
803 2538 863 2592 eius
878 2537 931 2592 lata
947 2543 1003 2606 est,
1019 2553 1069 2608 po-

95 2626 179 2700 pulus
200 2626 225 2680 ei
246 2626 322 2680 etin
343 2640 404 2680 euru
426 2639 505 2680 omne
520 2640 600 2678 suum
620 2623 762 2696 imperium
783 2629 810 2676 et
825 2627 990 2694 potestatem
1005 2635 1070 2674 con·

12 2779 13 2784 η
96 2711 190 2767 cessit.
223 2708 415 2783 quodcumque
429 2709 682 2782 igiturlimperator
701 2723 751 2780 per
765 2705 911 2780 epistulam
926 2706 1070 2760 constituit

96 2795 142 2850 vel
158 2809 330 2868 cognosceus
352 2793 470 2849 decrevit
485 2793 528 2848 vel
544 2793 634 2848 edicto
655 2793 806 2866 praecepit,
822 2791 911 2865 legem
928 2805 988 2844 esse
1004 2805 1069 2844 cou-

96 2887 166 2936 stat:
193 2879 243 2934 hae
269 2886 349 2950 sunt,
375 2894 444 2951 quae
470 2878 681 2934 constitutiones
707 2875 883 2950 appellantur.
933 2874 1012 2948 plane
1038 2890 1071 2928 er

102 3011 302 3022 ......-...——.-

169 3077 190 3145 ¹)
209 3080 233 3140 5.
253 3081 278 3130 3.
296 3080 351 3127 init.
364 3077 443 3128 =L.
462 3078 486 3128 6.
505 3077 529 3139 5.
552 3079 575 3126 1.
594 3077 628 3125 D.
648 3078 680 3125 de
698 3077 775 3125 irretit.
796 3071 872 3140 (1,1)
891 3089 926 3124 erc
946 3073 1004 3137 Ulp.
1024 3073 1068 3122 tt

95 3149 179 3198 instit.
249 3145 271 3212 ²)
291 3146 332 3210 Os.
354 3145 410 3194 Gai.
431 3146 454 3207 1,
473 3147 496 3194 3.
566 3143 588 3208 ³)
606 3145 643 3192 ric
665 3143 742 3206 infer.
760 3143 835 3193 codd.
855 3149 880 3192 et
898 3143 958 3194 edd.
974 3155 1070 3218 „omnes

96 3219 231 3266 senatore
249 3229 333 3266 omnes
351 3213 426 3264 codd.
444 3218 494 3265 aet.
513 3218 539 3260 et
557 3213 597 3262 erl.
615 3211 666 3262 Kr.
685 3208 738 3260 τοῦ
756 3206 946 3276 συγκλητικοῦ
967 3222 1070 3274 αρχον-

97 3299 146 3342 τος
162 3283 276 3347 ΤΙιεορΙι.
289 3281 426 3345 ambiguum
439 3287 485 3330 eat.
503 3281 552 3329 sed
562 3279 702 3330 senatorio
714 3281 731 3328 i.
745 3295 767 3331 e.
786 3280 830 3343 qui
845 3279 947 3328 senatui
955 3281 1071 3340 praeest.

98 3361 123 3402 et
141 3367 185 3400 rer
201 3353 303 3416 flagitat
321 3357 347 3399 et
364 3355 456 3398 contro
470 3349 582 3412 positum
598 3347 710 3412 plebeio
728 3347 904 3410 magistratu.
965 3340 987 3409 4)
1006 3343 1030 3402 ς,
1043 3343 1069 3392 4.

98 3422 156 3469 init.
170 3417 276 3470 ==ch2
296 3419 319 3476 l,
337 3420 363 3467 4.
416 3413 437 3482 ὅ)
454 3417 513 3479 sere
525 3436 559 3456 =
573 3416 604 3467 t.
624 3417 647 3467 1.
667 3415 701 3466 D.
719 3416 751 3464 de
769 3415 871 3465 constit.
887 3412 972 3475 princ.
993 3405 1028 3474 (1,
1040 3406 1070 3473 4)

98 3503 134 3537 ec
155 3487 214 3551 Uip.
234 3489 250 3536 l.
271 3490 284 3536 1
302 3485 384 3535 instit.
