2484 3916
193 229 234 294 96
325 246 360 280 nn
381 241 665 280 arnunconnrssanrrs
683 241 911 278 aaueorrerraua
930 227 968 290 ΙΙ,
987 228 1028 280 23.

193 387 309 461 quisita,
331 386 419 445 altero
439 401 503 441 vero
525 401 604 456 casu,
624 384 651 440 id
674 391 716 440 est
736 401 814 456 cnm,
836 393 930 458 quarta
950 391 1025 458 parte
1045 390 1160 453 retenta,

192 478 309 546 rogatus
325 477 369 526 est
390 471 469 526 heres
484 471 630 526 restituere
645 468 822 526 hereditatem
838 477 865 524 et
882 469 1018 538 restituit,
1039 466 1162 522 scindan-

193 561 239 611 tur
253 555 374 610 actiones
390 561 418 610 et
432 571 483 628 pro
499 553 631 610 dodrante
647 553 756 627 quidem
768 552 965 608 transferantur
979 551 1011 608 ad
1026 549 1163 607 fideicom-

192 641 361 710 missan'um,
390 653 441 712 pro
467 637 616 712 quadrante
638 644 794 694 remaneant
819 636 889 712 apud
915 635 1052 692 heredem.
1096 637 1162 709 quin

192 724 272 780 ctiam
288 723 352 780 licet
366 724 394 778 in
410 739 463 778 una
477 739 518 794 rc,
534 739 587 797 qua
598 722 714 781 deducta
725 728 771 778 aot
785 729 943 796 praecepta,
959 722 1102 782 restituere
1114 720 1161 776 ali·

192 809 253 881 quis
269 807 446 864 hereditatem
462 815 575 880 rogatus
587 815 645 878 cst,
660 808 772 863 maxima
783 823 845 881 pars
857 805 1013 862 hereditatis
1025 803 1163 862 continea-

191 900 252 962 tur,
272 907 358 966 aeque
378 891 539 946 insolidum
555 891 757 950 transferuntur
771 893 890 946 actiones
906 897 934 946 et
949 906 1039 946 secum
1060 887 1163 944 delibe-

191 991 252 1032 rare
267 975 348 1031 dohet
362 977 400 1048 is,
422 977 466 1032 eui
481 977 636 1032 restituitur
650 975 801 1044 hereditas,
824 992 856 1030 an
873 973 995 1048 expediat
1010 973 1060 1030 sibi
1080 975 1162 1029 resti-

190 1061 240 1116 tui.
272 1059 365 1116 eadem
380 1059 482 1116 scilicet
503 1061 687 1116 interveniunt
702 1067 729 1116 et
745 1061 769 1116 si
789 1057 892 1116 duabus
907 1057 1063 1132 pluribusve
1077 1056 1161 1113 rebus

191 1143 314 1200 deductis
334 1146 519 1218 praeceptione
539 1146 685 1202 restituere
706 1143 882 1200 hereditatem
902 1150 1015 1218 rogatus
1031 1144 1074 1201 sit.
1114 1142 1162 1197 sed
1208 1167 1212 1172 ·

190 1229 256 1283 etsi
271 1235 344 1284 certa
358 1245 462 1284 summa
478 1228 593 1286 deducta
606 1237 798 1304 praeceptam,
814 1245 882 1302 quae
898 1234 1019 1302 waiam
1028 1227 1070 1283 vel
1081 1228 1161 1282 etiam

189 1313 330 1368 maximam
344 1320 448 1386 partem
464 1313 620 1370 hereditatis
637 1315 775 1384 continet,
791 1319 904 1388 rogatus
920 1313 956 1368 sit
971 1311 1067 1386 aliquis
1081 1311 1162 1367 here·

190 1395 301 1452 ditatem
322 1399 484 1468 restituere,
505 1397 576 1454 idern
597 1400 663 1454 iuris
685 1406 735 1454 est.
771 1413 839 1472 quae
861 1397 977 1452 diximus
994 1395 1026 1452 de
1042 1413 1091 1466 eo,
1117 1399 1162 1469 qui

190 1497 222 1536 ex
238 1497 297 1536 asse
313 1481 393 1538 heres
408 1483 551 1538 institutus
563 1491 614 1556 est,
630 1482 723 1538 eadem
739 1480 925 1538 transierimus
936 1489 964 1536 et
979 1480 1011 1536 ad
1026 1497 1099 1552 eum,
1117 1483 1161 1554 qui

190 1574 313 1641 exparte
329 1567 408 1622 heres
424 1568 542 1641 scriptus
558 1576 608 1624 est.

139 1667 172 1716 10
255 1643 415 1706 ¹Praeterea
428 1652 573 1708 intestatus
589 1667 698 1725 qnoque
710 1652 859 1708 moriturus
873 1658 967 1726 potest
977 1666 1074 1724 rogare
1087 1665 1159 1720 eum,

189 1733 222 1788 ad
238 1749 319 1806 quem
334 1733 405 1790 bona
420 1752 468 1791 sua
479 1735 522 1790 vel
537 1735 660 1810 legitimo
674 1737 734 1791 iure
749 1735 791 1791 vel
808 1735 953 1794 honorario
968 1735 1106 1809 pertinere
1121 1736 1160 1789 in·

188 1817 312 1892 tellegit,
329 1826 359 1874 nt
374 1818 552 1876 hereditatem
566 1837 643 1876 suam
657 1827 742 1876 totam
757 1828 895 1895 partemve
911 1821 968 1874 eius
980 1826 1026 1875 ant
1040 1835 1099 1874 rem
1114 1819 1160 1874 ali·

166 1918 285 1976 -qnam,
311 1903 395 1960 veluti
415 1903 544 1975 fundum,
572 1904 723 1976 hominem,
749 1906 889 1978 pecuniam
915 1904 993 1960 alicui
1019 1905 1158 1959 restituat:

139 1989 170 2036 11
189 2003 250 2042 cum
266 1987 386 2062 alioquin
401 1988 492 2062 legata
506 1989 558 2044 nisi
573 2005 607 2045 ex
622 1996 784 2046 testamento
797 2006 853 2046 non
864 1988 977 2044 vaieant.
1009 1987 1075 2044 Eum
1091 2004 1159 2061 quo-

189 2087 259 2145 que,
280 2073 324 2128 cui
344 2072 445 2147 aliquid
465 2073 635 2150 restituitur,
656 2082 749 2147 potest
769 2089 883 2148 rogare,
905 2079 935 2128 ut
956 2072 982 2129 id
1004 2080 1101 2128 rursus
1116 2073 1159 2128 aiii

138 2156 170 2206 12
188 2164 277 2212 totum
293 2163 339 2212 aut
359 2150 485 2230 partem²
505 2156 548 2214 vel
563 2160 643 2216 etiam
658 2158 730 2214 aliud
746 2157 846 2232 aliquid
870 2159 1005 2214 restituat.
1043 2155 1077 2212 ln
1099 2159 1158 2231 quia

186 2242 272 2314 priora
293 2239 562 2298 fideicommissorum
583 2241 714 2298 cunabula
733 2259 748 2298 a
768 2241 821 2300 fide
841 2241 970 2298 heredum
991 2241 1113 2316 pendent
1132 2249 1159 2296 et

187 2335 242 2380 tam
254 2341 353 2380 nornen
365 2341 445 2397 quam
453 2324 629 2382 substantiam
641 2335 802 2400 acceperunt
817 2335 844 2382 et
857 2326 919 2382 ideo
931 2326 1008 2382 divus
1018 2327 1158 2400 Augustus

188 2407 221 2462 ad
236 2409 424 2464 necessitatem
444 2410 511 2464 iuris
526 2423 556 2464 ea
572 2409 702 2465 detraxit:
725 2428 812 2485 nuper
826 2420 854 2468 et
869 2427 934 2482 nos,
952 2411 1069 2467 eundem
1083 2411 1159 2484 prin-

188 2493 273 2564 cipem
289 2506 417 2564 superare
432 2492 644 2565 contendentes,
665 2511 697 2550 er
719 2495 807 2566 iacto,
829 2493 903 2569 quod
918 2493 1098 2552 'iribooianus
1118 2495 1160 2549 vir

188 2574 327 2646 excelsus,
357 2584 487 2650 quaestor
505 2578 574 2632 sacri
594 2577 700 2651 palatii,
730 2580 884 2654 suggessit,
913 2571 1159 2636 constitutionem³

186 2659 315 2731 fecimus,
335 2675 385 2734 per
405 2677 485 2734 quam
505 2660 703 2734 disposuimus:
725 2664 749 2718 si
769 2670 886 2720 testator
907 2661 969 2720 fidei
990 2663 1098 2720 heredis
1113 2664 1158 2717 sui

187 2746 337 2816 commisit,
354 2751 384 2800 ut
396 2745 438 2801 vel
453 2745 630 2802 hereditatem
641 2747 683 2804 vol
697 2747 814 2822 speciale
829 2746 1066 2804 fideicommissum
1078 2748 1160 2804 resti·

186 2836 260 2899 tuat,
276 2837 304 2884 et
318 2845 407 2902 neque
422 2845 455 2886 ex
470 2831 603 2904 scriptura
617 2847 707 2906 neque
721 2847 755 2888 ex
770 2833 890 2907 quinque
904 2834 1017 2890 testium
1032 2847 1159 2901 numero,

187 2913 232 2985 qui
247 2913 275 2966 in
290 2911 503 2970 fideicommissis
518 2913 658 2990 legitimus
672 2931 733 2972 esse
748 2918 887 2991 noscitur,
908 2933 952 2974 res
967 2917 1057 2992 possit
1072 2917 1159 2972 mani·

186 2995 289 3067 testari,
304 2996 353 3054 sed
365 2996 408 3053 vel
420 2999 562 3072 pauciores
575 3016 654 3074 quam
670 3001 790 3076 quinque
802 3000 844 3058 vei
859 3018 938 3058 nemo
953 3003 1062 3076 penitus
1078 3001 1160 3055 testis

185 3081 377 3158 intervenerit,
398 3089 463 3139 tunc
477 3085 533 3139 sive
552 3092 631 3158 pater
648 3084 753 3140 heredis
768 3086 825 3141 sive
840 3085 907 3142 alius
929 3087 1092 3160 quicumque
1105 3085 1158 3155 sit,

186 3163 233 3237 qui
252 3161 332 3220 fidem
348 3166 434 3241 elegit
452 3166 559 3224 herodis
575 3176 603 3224 et
625 3168 657 3224 ab
678 3185 712 3225 eo
731 3169 834 3242 aitqrnd
851 3171 960 3226 restitui
975 3170 1106 3244 voluerit,
1133 3171 1161 3223 si

187 3295 390 3306 —···-——-—-·----.-

255 3376 274 3444 ¹)
292 3401 326 3420 =
346 3379 402 3430 0⁰²3
420 3381 444 3438 2,
463 3381 513 3430 269
531 3389 592 3432 mut·
677 3381 697 3446 ²)
722 3381 745 3432 Τ
765 3385 857 3450 otiique
874 3387 950 3435 codd.
973 3385 1084 3449 Theoph.
1101 3399 1160 3448 pro

184 3449 265 3508 parte
283 3445 332 3496 BC
347 3449 476 3512 ceterique
493 3449 569 3499 codd.
589 3449 666 3511 infer.
686 3451 744 3502 edd.
764 3449 838 3500 Schr.
858 3457 882 3501 et
899 3452 951 3506 Ην.
1021 3450 1041 3514 ³)
1059 3451 1090 3504 t,
1109 3453 1162 3502 32.

186 3511 215 3562 O.
234 3515 266 3562 de
280 3515 365 3574 fideic.
385 3510 420 3580 (d,
437 3512 490 3575 42).
