2486 3916
266 209 301 244 nn
321 209 393 246 neon
411 210 499 246 auum
516 210 633 246 cantum
652 210 779 248 suanm
799 199 822 260 Ι,
842 201 867 255 t.
1015 196 1053 260 11

78 359 110 408 et
126 343 241 406 decem¹
258 352 333 406 annis
350 353 562 408 manumittatur.
591 352 679 408 Semel
695 361 785 410 autem
800 370 879 411 eausa
894 351 1053 428 adprobata,
1072 368 1088 418 6

79 437 141 490 sive
157 450 221 490 vera
236 437 293 492 sive
308 435 375 492 lalsa
389 438 440 507 sit,
456 454 511 492 uon
527 444 699 494 retractatur.

148 512 234 576 ²Cum
251 537 319 594 ergo
340 527 432 576 certus
453 520 550 576 modus
572 519 784 578 manumittentis
796 523 943 579 minoribus
959 525 1054 597 viginti
1074 537 1089 586 7

80 606 162 660 annis
184 603 299 660 dominis
319 619 370 678 per
388 605 478 678 legem
493 605 594 662 Aeliam
610 605 729 662 Sentium
744 608 909 663 constitutus
925 609 976 679 sit,
993 623 1054 664 eve·

81 687 192 759 aiebat,
214 697 260 760 ut,
288 689 335 762 qui
357 689 573 764 quattuordecim
595 706 680 745 annos
696 691 790 746 aetatis
807 692 970 765 expleverit,
992 691 1055 747 licet

79 780 278 828 testamentum
303 771 393 830 lacere
418 773 506 848 possit
532 780 560 829 et
585 775 613 829 in
638 789 671 830 eo
693 773 820 830 heredem
841 775 892 831 sibi
912 777 1055 832 instituere

80 857 230 931 legataque
246 857 400 931 relinquere
420 859 523 932 possit,
544 865 650 930 tamen,
672 860 695 914 si
715 858 803 916 adbuc
823 861 912 916 minor
926 861 962 914 sit
978 861 1055 916 annis

80 943 197 1015 viginti,
218 940 371 998 libertatem
391 959 470 1000 servo
497 941 561 998 dare
582 959 638 1000 nou
663 949 781 1017 poterat.
825 943 899 1016 quod
922 960 978 1000 non
998 951 1056 1001 erat

82 1025 244 1098 serendum,
266 1018 309 1081 si³
329 1029 368 1097 is,
389 1029 432 1082 oiri
447 1035 571 1086 totorum
584 1026 719 1084 bonorum
741 1029 769 1084 in
784 1035 948 1084 testamento
964 1027 1056 1102 dispo·

81 1111 149 1165 sitio
166 1109 227 1166 data
241 1118 315 1181 erat,
335 1112 382 1166 uni
403 1127 482 1170 servo
504 1110 657 1168 libertatem
678 1111 741 1168 dare
762 1127 818 1168 non
838 1111 1054 1186 permittebatur.

83 1211 172 1268 quare
198 1211 248 1250 nos
272 1195 398 1252 similiter
423 1197 447 1252 ei
470 1195 695 1268 quemadmodum
717 1195 780 1252 alias
807 1213 851 1252 res
866 1198 904 1252 ita
918 1203 946 1252 et
960 1212 1055 1252 servos

82 1295 151 1334 suos
173 1279 201 1334 in
222 1278 315 1334 ultima
334 1279 476 1336 voluntate
497 1279 658 1354 disponere,
681 1281 907 1354 quemadmodum
927 1281 1055 1350 voluerit,

82 1363 284 1436 permittimus,
306 1371 337 1418 ut
358 1372 386 1420 et
405 1363 558 1420 libertatem
578 1366 617 1420 eis
637 1365 725 1438 possit
745 1373 892 1437 praestare.
930 1364 978 1420 sed
994 1381 1055 1420 cum

83 1445 199 1502 libertas
213 1447 412 1504 inaestimabilis
426 1456 468 1504 est
483 1456 511 1504 et
524 1457 638 1522 propter
647 1450 700 1504 hoo
715 1456 777 1504 ante
789 1451 945 1505 vicesimum
960 1449 1055 1504 aetatis

84 1547 188 1586 annum
203 1534 346 1606 antiquitas
367 1532 519 1588 libertatem
540 1549 619 1589 servo
640 1532 696 1589 dari
715 1531 890 1606 prohibebat:
916 1531 977 1587 ideo
993 1547 1054 1601 nos,

82 1615 201 1672 mediam
216 1616 414 1690 quodammodo
430 1619 499 1672 viam
514 1616 663 1692 eligentes,
684 1633 740 1672 non
755 1616 834 1672 aliter
848 1617 946 1673 minori
961 1609 1057 1688 viginti

84 1701 164 1756 annis
180 1699 332 1757 bbertatem
347 1702 375 1756 iu
390 1709 554 1758 testamento
570 1701 633 1756 dare
645 1717 724 1757 servo
741 1718 793 1758 suo
805 1699 988 1771 concedimus,
1005 1699 1057 1756 nisi

84 1786 234 1858 septimum
255 1793 283 1840 et
298 1785 431 1841 decimum
447 1802 547 1841 annum
567 1785 718 1859 impleverit
733 1793 761 1842 et
782 1793 906 1842 octavum
921 1784 1056 1840 decimum

84 1870 220 1942 tetigerit.
259 1871 412 1946 oumxenim
432 1871 578 1943 antiquitas
599 1869 754 1926 huiusmodi
777 1871 857 1926 aetati
878 1877 905 1924 et
925 1885 975 1942 pro
998 1869 1055 1924 aliis

84 1953 228 2027 postulare
250 1955 400 2025 concessit,
425 1971 474 2010 our
498 1971 555 2010 nou
577 1955 656 2010 etiam
676 1955 719 2010 sui
735 1948 844 2010 ⁴iudtcii
872 1952 1003 2009 stabilitas
1018 1955 1055 2008 ita

84 2054 133 2094 eos
149 2037 275 2094 adiuvare
297 2037 437 2110 credatur,
459 2046 489 2100 nt
510 2047 538 2094 et
558 2037 591 2093 ad
611 2037 750 2094 libertates
772 2037 871 2092 dandas
893 2039 977 2094 servis
999 2038 1055 2092 suis

83 2123 194 2196 possint
208 2125 360 2195 provenire.

512 2317 569 2358 ΤΙΤ.
582 2318 636 2358 VII.
1017 2357 1018 2362 ,

235 2403 285 2454 ΒΕ
303 2405 402 2457 undu
419 2401 547 2456 boniet
565 2403 716 2455 CANINIA
735 2402 910 2454 SUBLATA.
955 2471 957 2476 ,

152 2539 244 2619 6Lege
259 2544 339 2601 Furia
354 2544 462 2602 Caninia
477 2552 567 2602 certus
582 2543 679 2600 modus
695 2545 863 2600 constitutus
885 2551 942 2598 erat
956 2543 983 2596 in
1000 2559 1057 2598 ser·

88 2631 128 2685 vis
144 2637 309 2686 testamento
329 2629 557 2686 manumittendis.
590 2645 669 2702 quam
690 2629 767 2702 quasi
788 2626 957 2699 libertatibus
972 2628 1057 2699 impe·

90 2713 208 2770 dientem
230 2722 258 2770 et
278 2713 478 2787 quodammodo
494 2713 610 2769 invidam
622 2713 771 2769 tollendam
792 2728 852 2768 esse
872 2702 1056 2780 censuimus⁷‚

88 2815 150 2854 enm
169 2799 234 2854 satis
255 2797 344 2854 fuerat
363 2799 554 2870 inhumanum,
575 2799 649 2854 vivos
672 2797 780 2871 quidem
801 2796 937 2852 licentiam
959 2793 1057 2850 babere

158 3011 178 3079 ¹)
196 3017 235 3064 aie
253 3029 338 3064 omnes
355 3014 431 3065 codd.
450 3020 477 3065 et
496 3013 564 3063 Tbeo
584 3013 607 3066 b.
628 3013 724 3062 decem
743 3015 771 3061 et
790 3015 850 3061 octo
869 3013 953 3060 estin
971 3012 1004 3064 L.
1018 3013 1059 3062 13.

90 3083 123 3136 D.
142 3083 297 3132 demonum.
316 3083 383 3158 oipd.
404 3077 456 3146 (40,
475 3080 513 3143 2).
555 3029 583 3145 'l
597 3082 651 3130 istit.
670 3100 703 3120 ==
723 3079 779 3129 Gai.
799 3081 822 3137 1,
835 3080 877 3128 40.
896 3085 957 3130 mut.
993 3078 1013 3143 ³)
1034 3080 1059 3129 si

89 3151 108 3201 i.
126 3165 149 3202 e.
167 3149 315 3214 siquidem.
333 3165 379 3200 οτι
400 3147 513 3213 Tbeoplt.
614 3145 637 3210 ⁴¹)
659 3148 742 3197 malim
759 3148 788 3195 in
806 3147 864 3196 auis
886 3147 922 3208 of.
946 3146 1057 3211 Theopb.

90 3213 111 3281 ⁵)
130 3218 204 3267 codd.
223 3219 264 3267 bio
282 3224 308 3266 et
331 3215 393 3267 alibi
412 3218 520 3266 manime
542 3217 645 3266 variant
666 3217 738 3265 inter«
756 3214 844 3277 furia,
868 3214 955 3276 fusis,
980 3213 1056 3264 fufio.

89 3283 202 3335 FUFIA
220 3286 261 3338 ed.
280 3284 331 3335 Kr.
367 3283 422 3334 Sed
438 3284 506 3343 Fufii
521 3283 566 3334 sub
585 3284 702 3348 nupero
713 3285 739 3332 in
757 3281 896 3333 bonoribus
914 3297 966 3332 non
981 3283 1058 3343 suere

90 3358 115 3403 et
131 3353 232 3402 addetur
253 3353 317 3403 bueo
338 3353 383 3402 lece
406 3368 422 3401 a
440 3352 479 3402 M.
497 3352 577 3402 Furio
595 3351 700 3402 Camillo
722 3365 775 3401 cna.
799 3367 824 3400 a.
844 3351 893 3401 ⁷61
919 3351 1056 3398 lata'esse.

96 3421 155 3472 Vid.
172 3419 255 3470 Reitz.
274 3423 311 3470 ad
325 3419 436 3485 Tbeopb.
450 3419 477 3471 I.
492 3436 521 3484 p.
535 3421 576 3472 77.
612 3420 683 3468 Ado.
702 3435 729 3481 p.
741 3417 839 3468 LXVI.
910 3414 931 3479 ⁵)
950 3417 1004 3466 init.
1024 3432 1059 3466 ear

93 3488 148 3542 dai.
167 3490 191 3551 1,
210 3489 252 3537 42.
322 3485 343 3552 7)
362 3489 396 3538 L.
414 3505 455 3538 un.
475 3487 503 3538 G.
521 3489 553 3538 de
571 3489 588 3536 l.
607 3487 668 3539 Fur.
688 3486 750 3536 Can.
769 3487 823 3535 toll.
843 3481 878 3550 (7,
897 3481 933 3547 3).
983 3549 985 3555 .
