2484 3916
408 215 443 250 ne
463 215 560 250 neaun
579 215 726 252 maneronta
747 200 783 263 11,
805 202 828 252 1.
1061 197 1104 261 43

135 357 341 431 qualiscumque
363 357 414 425 sit,
437 356 542 412 tabulae
562 355 668 411 cedere.
710 356 759 412 sed
780 355 858 424 nobis
871 355 986 412 ‚videtur
1006 355 1102 412 melius

135 458 214 510 esse,
230 441 347 496 tabulam
368 442 488 514 picturae
507 440 619 496 cedere:
640 439 783 496 ridiculum
807 448 848 495 est
870 440 956 510 anim,
972 441 1104 514 picturam

135 525 239 598 Apellis
255 525 298 580 vel
312 525 445 580 Parrhasii
461 526 488 580 in
504 525 685 581 accessionem
706 523 848 580 vilissimae
869 523 975 580 tabulae
996 523 1102 580 cedere.

138 603 228 665 ¹unde
243 611 266 664 si
281 626 296 664 a
310 609 419 666 domino
434 607 542 665 tabulae
556 609 700 682 imaginem
715 607 872 682 possidente
886 611 924 680 is,
948 611 994 682 qui
1008 609 1104 682 pinxit,

137 711 196 750 eam
211 703 286 767 petat
301 711 352 749 nec
366 694 453 749 solvat
468 695 586 766 pretinm
602 692 721 762 tabulae,
737 693 840 766 poterit
854 709 903 765 per
918 694 1105 766 exceptionem

137 779 195 834 doli
208 777 271 834 mali
285 779 463 852 summoveri:
479 785 506 832 at
521 779 544 832 si
557 780 590 847 is,
600 778 653 850 ·qui
663 778 761 850 pinxit,
771 776 918 849 possideat,
934 793 1105 850 consequeus

136 871 197 932 est,
218 869 249 917 ut
270 860 343 918 utilis
364 863 434 918 actio
450 861 560 918 domino
582 859 687 916 tabulae
707 861 836 918 adversus
858 877 918 916 eum
935 860 1029 932 detur,
1050 878 1105 933 quo

137 963 212 1016 casu,
227 948 251 1002 si
265 964 321 1002 non
336 946 424 1002 solvat
438 947 586 1019 impensam
595 947 726 1020 picturae,
738 946 840 1019 poterit
856 961 905 1017 per
920 947 1106 1018 exceptionem

138 1029 195 1087 doli
211 1031 270 1086 mali
285 1031 397 1104 repelli,
419 1031 514 1104 utique
529 1031 552 1085 si
573 1031 643 1086 bona
658 1029 711 1086 lide
724 1045 869 1103 possessor
883 1028 966 1084 luerit
981 1028 1043 1098 ille,
1060 1029 1106 1100 qui

137 1117 271 1190 picturam
286 1116 425 1188 imposuit.
460 1115 527 1170 illud
548 1116 619 1170 enim
640 1115 727 1188 palam
748 1122 807 1184 est,
823 1112 913 1188 quod,
934 1114 990 1168 slve
1006 1114 1044 1183 is,
1061 1113 1107 1184 qui

137 1202 235 1274 pinxit,
251 1199 386 1274 subripuit
402 1197 506 1255 tabulas
522 1201 577 1254 sive
591 1200 668 1270 alius,
685 1200 815 1272 competit
830 1197 940 1254 domino
956 1195 1107 1254 tabularum

137 1285 205 1340 furti
220 1285 299 1340 actio.

204 1369 232 1424 Si
248 1371 308 1442 quis
324 1387 339 1424 a
354 1385 409 1424 uon
425 1369 545 1440 domino,
562 1383 641 1443 quem
657 1367 796 1422 (lominum
812 1382 872 1421 esse
887 1365 1022 1435 crederet,
1037 1364 1108 1420 hona
1126 1379 1159 1427 35

139 1453 193 1510 lide
213 1453 327 1509 fundum
348 1454 443 1508 emerit
464 1453 506 1508 vel
531 1469 564 1508 ex
584 1451 731 1506 donatione
753 1450 836 1504 aliave
864 1465 916 1521 qua
937 1452 1008 1504 iusta
1029 1465 1109 1503 causa

139 1555 226 1612 aeque
247 1537 318 1593 hona
339 1537 391 1592 lide
413 1538 561 1612 acceperit:
587 1535 702 1590 naturali
722 1535 827 1589 ratione
854 1533 969 1606 placuit,
991 1531 1108 1600 fructus,

140 1640 210 1696 quos
226 1623 359 1696 percepit,
376 1623 433 1677 eius
450 1638 510 1677 esse
524 1637 575 1694 pro
588 1619 694 1675 cultura
709 1626 737 1674 et
751 1635 824 1673 cura.
857 1624 884 1672 et
899 1615 960 1672 ideo
976 1617 999 1671 si
1013 1621 1109 1689 postea

140 1708 266 1763 dominus
283 1708 470 1779 supervenerit
491 1714 518 1761 et
540 1703 653 1760 fundum
674 1701 808 1772 vindicet,
831 1702 864 1757 de
879 1700 1012 1760 [ructibus
1029 1699 1060 1754 ab
1076 1715 1109 1754 eo

140 1793 309 1865 consumptis
326 1807 407 1864 agere
423 1807 478 1846 non
493 1797 595 1862 potest.
627 1789 743 1860 civero,
759 1787 805 1860 qui
817 1787 904 1842 sciens
916 1785 1032 1842 alienum
1048 1783 1110 1838 lun·

139 1877 206 1932 dum
220 1872 388 1949 possederit,
409 1891 465 1930 non
485 1873 556 1930 idem
577 1889 735 1928 eoncessum
758 1879 809 1926 cst.
840 1873 932 1944 itaque
947 1887 1008 1926 cum
1024 1867 1110 1924 lundo

141 1963 222 2018 etiam
239 1960 360 2029 fructus,
376 1959 440 2014 licet
455 1958 609 2030 consumpti
624 1959 694 2026 sint,
710 1957 819 2028 cogitur
834 1956 989 2010 restituere.
1020 1953 1061 2023 ls,
1078 1950 1110 2008 ad
1129 1961 1161 2010 36

142 2043 413 2119 quemususlructus
434 2042 510 2098 fundi
533 2043 667 2114 pertinet,
691 2057 746 2096 uon
766 2038 845 2094 aliter
866 2038 1004 2092 fructuum
1026 2036 1112 2091 domi·

141 2147 194 2186 nus
210 2127 344 2199 efficitur,
366 2143 446 2200 quam
461 2127 485 2182 si
500 2143 546 2182 eos
562 2127 620 2197 ipse
635 2123 798 2198 perceperit.
829 2129 856 2176 et
871 2121 931 2174 ideo
947 2119 1010 2174 licet
1025 2127 1111 2173 matu-

141 2217 179 2270 ris
195 2211 341 2280 fructibus,
357 2211 479 2268 nondum
494 2218 585 2265 tamen
600 2209 747 2282 perceptis,
763 2205 920 2269 decesserit,
936 2203 969 2258 ad
984 2201 1110 2258 heredem

142 2297 424 2370 eiusnonpcrtinent,
440 2294 488 2350 sed
498 2291 790 2366 dominoproprictatis
803 2289 992 2362 adquiruntur.
1020 2285 1110 2340 eadem

141 2383 201 2439 lere
213 2391 242 2438 et
256 2381 290 2436 de
301 2380 400 2436 colono
412 2379 550 2435 dicuntur.
578 2371 627 2433 2Ιιι
638 2375 773 2451 pecudum
782 2373 874 2429 fructu
882 2373 961 2428 etiam
976 2371 1048 2426 letus
1060 2376 1112 2440 est,
1130 2379 1162 2428 37
1237 2441 1238 2444 ¹

142 2469 225 2524 sicuti
245 2467 287 2522 lac
307 2473 334 2520 et
355 2465 426 2538 pilus
449 2472 476 2519 et
496 2463 569 2518 lana:
596 2464 688 2535 itaque
709 2461 772 2534 agui
793 2465 821 2514 et
841 2457 920 2514 haedi
940 2464 968 2512 et
989 2454 1065 2511 vituli
1086 2462 1113 2508 ct

143 2552 239 2626 equuli
250 2551 341 2606 statim
350 2548 466 2604 naturali
481 2549 540 2603 iure
553 2547 665 2602 dominii
680 2552 744 2600 sunt
756 2543 907 2598 fructuarii.
938 2547 1032 2614 partus
1048 2553 1112 2592 vero

143 2635 257 2692 ancillae
272 2636 300 2690 in
316 2634 407 2688 lructu
422 2649 478 2689 non
494 2641 546 2701 est,
562 2632 653 2703 itaque
670 2629 701 2684 ad
714 2629 853 2684 dominum
865 2625 1040 2698 proprietatis
1052 2638 1113 2694 per·

142 2723 230 2776 tinet:
245 2717 391 2774 absurdum
407 2718 478 2772 enim
493 2713 643 2784 videbatur,
659 2715 794 2768 hominem
810 2711 838 2765 iu
853 2709 946 2764 sructu
961 2723 1037 2776 esse,
1054 2722 1113 2760 cum

145 2819 242 2860 omnes
258 2803 364 2858 fructus
379 2817 471 2857 rerum
485 2807 581 2856 natura
596 2799 734 2854 hominum
756 2796 843 2869 gratia
858 2791 1030 2866 comparavit.
1061 2788 1114 2844 Sed
1133 2798 1165 2848 38

144 2891 168 2944 si
185 2889 279 2962 gregis
295 2886 494 2942 usumfructum
510 2885 570 2958 quis
583 2882 687 2952 lrabeat,
703 2883 731 2935 in
746 2879 836 2935 locum
851 2877 1057 2933 demortuorum
1073 2889 1115 2928 ca·

56 3019 59 3024 .
144 2975 235 3048 pitum
251 2989 284 3028 en
299 2971 357 3026 ictu
373 2970 536 3026 fructuarius
549 2967 718 3022 summittere
729 2963 819 3034 debet,
837 2970 867 3017 ut
878 2960 1016 3016 etluliano
1030 2961 1116 3014 visum

145 3066 199 3129 est,
217 3058 288 3112 etin
303 3057 439 3110 vinearum
454 3053 657 3108 demortuarum
678 3048 720 3104 vel
742 3048 869 3104 arborum
883 3045 974 3101 locum
989 3043 1052 3099 alias
1069 3041 1115 3097 de·

217 3408 236 3471 1)
255 3429 289 3449 =
310 3407 365 3459 aaa.
384 3405 409 3463 2,
429 3403 461 3452 aa
480 3383 537 3456 mua.
633 3397 654 3459 ²)
676 3397 735 3460 sere
753 3417 786 3438 =
805 3397 836 3446 e.
861 3395 902 3444 aa.
931 3393 964 3441 n.
993 3392 1024 3440 ae
1049 3404 1118 3439 asor.

148 3478 202 3543 (ἳῖ,
222 3475 246 3538 1)
267 3491 301 3525 ear
321 3471 380 3524 eati
397 3471 448 3522 tt
465 3485 520 3544 rer.
540 3475 607 3534 quot.
