2484 3916
193 231 214 294 2

194 399 221 446 et
243 389 317 463 quod
337 390 365 444 in
386 389 478 463 priore
499 396 622 462 tempore
643 389 685 443 vin
711 397 775 462 post
802 389 946 444 triennium
967 384 1161 446 inferioribns¹
1224 389 1225 446 l

194 472 385 548 contingebat,
402 481 432 528 ut
448 480 512 529 tunc
528 474 738 528 constitutiones
754 474 938 548 imperatorias
954 473 1091 548 legerent,
1108 474 1164 530 boc

194 576 242 615 vos
263 575 278 613 a
298 557 447 631 primordio
468 557 672 632 ingrediamini,
700 557 775 632 digni
801 565 876 614 tanto
903 557 1006 621 honore
1033 565 1164 630 tantaque

194 644 296 717 reperti
311 642 456 712 felicitate,
472 651 504 698 ut
519 649 546 698 et
560 643 667 698 initium
684 641 757 698 vobis
773 650 801 698 et
817 640 877 698 linis
893 642 984 716 legum
1000 642 1164 698 eruditionis

159 741 176 789 4
194 744 289 784 avoce
316 727 456 802 principali
482 726 620 800 procedat.
665 726 752 801 lgitur
775 735 839 801 post
858 726 942 783 libros
964 728 1164 802 quinquaginta

195 813 366 888 digestorum
381 828 431 867 seu
445 811 652 884 pandectarum,
668 813 696 867 iu
712 828 781 884 quos
798 827 877 867 omne
892 813 933 868 ius
949 813 1089 886 antiquum
1105 811 1164 867 col·

193 897 278 954 latum
294 905 336 954 est
358 895 439 970 (quos
454 912 504 970 per
519 895 635 952 eundem
650 897 737 951 virum
753 895 888 952 excelsum
904 895 1094 952 Tribonianum
1111 912 1164 952 nec

194 999 250 1038 non
265 990 372 1038 eeteros
388 982 459 1036 viros
472 979 592 1036 illustres
604 987 632 1036 et
643 980 849 1038 fecundissimos
862 979 1074 1080 confecimus),
1066 997 1093 1036 rn
1110 981 1163 1036 hos

195 1075 324 1142 quattuor
344 1063 427 1122 libros
449 1064 556 1122 easdem
576 1065 762 1121 institutiones
782 1066 898 1138 partiri
891 1067 1033 1137 iussimus,
1055 1074 1085 1121 ut
1106 1066 1164 1120 siut

160 1159 176 1208 t
195 1152 280 1207 totius
296 1150 434 1224 legitimae
449 1150 577 1204 scientiae
592 1151 677 1222 prima
693 1150 835 1206 elementa.
866 1148 968 1218 Quibus
983 1135 1101 1207 breviter
1116 1166 1164 1206 en·

194 1237 314 1310 pesitum
330 1241 372 1289 est
392 1242 419 1289 et
440 1231 514 1308 qnod
536 1241 615 1289 antea
631 1233 769 1308 optinebat
791 1242 818 1290 et
834 1235 907 1308 quod
923 1243 1018 1308 postea
1033 1234 1164 1290 desuetu-

160 1328 176 1377 6
194 1320 256 1375 dine
271 1317 452 1374 inumbratum
468 1316 500 1372 ab
519 1318 652 1391 imperiali
673 1319 792 1374 remedio
807 1319 985 1375 illuminatum
1001 1327 1052 1376 est.
1089 1317 1161 1386 Quas

194 1421 227 1460 ex
248 1402 372 1460 omnibus
393 1403 566 1476 antiquorum
587 1401 803 1460 institutionibus
826 1412 853 1459 et
875 1405 1019 1478 praecipue
1039 1420 1072 1460 cx
1087 1420 1163 1459 com·

195 1489 333 1545 mentariis
349 1487 406 1543 Gaii
421 1488 510 1543 nostri
526 1495 579 1542 tam
591 1483 794 1544 institutionum
806 1505 884 1563 quam
897 1503 986 1544 rerum
1003 1487 1165 1544 cottidiana·

194 1591 255 1629 rum
276 1573 390 1646 aliisque
410 1572 504 1627 multis
526 1574 724 1628 commentariis
746 1574 909 1647 compositas
931 1587 992 1629 curn
1013 1581 1069 1628 tres
1085 1589 1164 1646 prae·

195 1659 259 1714 dieti
276 1659 324 1713 riri
339 1656 487 1730 prudentes
503 1655 580 1710 uobis
593 1656 764 1729 optulerunt,
781 1664 808 1712 et
820 1658 934 1732 legimus
948 1659 1163 1732 etcognovimus
1225 1665 1226 1720 j

195 1749 223 1798 et
238 1741 422 1815 plenissimum
439 1747 593 1795 nostrarum
613 1741 839 1798 constitutionum
860 1741 944 1798 robur
959 1744 996 1798 eis
1012 1758 1165 1798 accommo·
1225 1733 1226 1740 '

195 1826 324 1882 tissimus.

162 1927 176 1975 r
260 1908 369 1965 Summa
383 1910 475 1982 itaque
492 1924 542 1984 ope
564 1918 592 1964 et
607 1909 686 1965 alacri
708 1909 799 1968 studio
815 1911 863 1967 has
879 1911 955 1988 leges
972 1919 1078 1967 nostras
1094 1911 1163 1965 aeci·

195 1997 251 2070 pite
266 2001 294 2051 et
315 2001 420 2050 vosmet
439 1995 514 2067 ipsos
535 1995 575 2049 sic
595 1994 716 2050 eruditos
733 1995 885 2067 ostendite,
909 2003 938 2052 ut
959 2012 1021 2071 spes
1037 2011 1085 2051 vos
1101 1994 1164 2068 pul·

196 2081 327 2136 cherrima
350 2078 454 2149 loveat,
482 2086 542 2134 toto
563 2077 685 2153 legitimo
708 2096 790 2154 opere
811 2079 951 2154 perlecto,
979 2095 1060 2154 posse
1081 2081 1163 2135 etiam

195 2173 317 2222 nostram
341 2179 398 2220 rem
418 2163 551 2238 publicam
571 2165 598 2220 in
624 2163 746 2238 partibus
768 2166 825 2220 eius
847 2164 922 2220 vobis
949 2157 1090 2222 credendis
1112 2180 1165 2237 gu-

193 2250 315 2306 bernare.

258 2333 322 2388 bate
335 2331 476 2388 undecimo
488 2331 615 2388 kalendas
633 2331 791 2388 lleeembres
803 2332 1039 2408 Constantinopoli
1051 2331 1163 2388 domino

196 2425 291 2474 nostro
306 2415 453 2472 lustiniano
469 2425 603 2490 perpetuo
618 2417 744 2491 Augusto
760 2419 870 2473 tertium
885 2418 1007 2475 consule.
1032 2415 1125 2490 (533).

194 2533 381 2540 ...—--..-..—-
390 2532 398 2536 .

263 2578 284 2645 ¹)
303 2580 350 2630 vix
371 2585 435 2646 post
458 2579 668 2644 quadriennium
689 2582 826 2647 prioribus
848 2598 933 2660 omnes
954 2585 1079 2633 reddet
1103 2581 1163 2631 edd
1226 2617 1227 2632 ι

195 2664 242 2699 nee
258 2663 317 2699 vere
335 2653 361 2696 et
378 2649 473 2698 insulse
488 2650 575 2712 poet'
567 2665 597 2698 111
609 2650 700 2714 priore
713 2655 795 2716 temp.
806 2665 878 2716 μετα
891 2665 988 2716 esterp
976 2639 1084 2716 μόλις
1096 2641 1162 2715 χρό-
1226 2633 1227 2690 l

195 2732 246 2768 νον
260 2719 320 2775 τοῖς
333 2707 645 2780 ἄναγιιιιόσιιοιισινιιιε
660 2717 772 2782 Tbeopb
790 2733 852 2783 erpo
864 2719 1008 2783 legendnm
1038 2731 1085 2767 vix
1097 2721 1166 2782 post
1226 2719 1227 2752 ῑ

195 2783 540 2836 trienniuminierioribus.
559 2785 593 2848 cs.
608 2787 642 2835 L.
661 2788 684 2834 1.
703 2785 727 2846 ὅ,
741 2787 765 2839 7.
780 2786 812 2836 D.
831 2787 864 2836 de
886 2788 934 2850 ιι9.
949 2789 973 2836 3.
1012 2785 1064 2835 Cic.
1082 2783 1162 2844 auo.
1226 2783 1227 2838 ἕ

192 2851 344 2913 fr.3,6.2.
362 2850 934 2913 Brundi),182.'an-addaesitu.triennii1,
953 2851 1164 2920 expraefectum
1226 2859 1227 2920 ξ

194 2934 210 2968 a
228 2919 292 2968 male
311 2920 393 2968 doctis
406 2919 625 2983 quadriennium,
644 2936 697 2970 cum
709 2937 760 2971 non
771 2922 959 2986 intellegerent.
982 2922 1164 3002 imperatorem

195 2990 257 3052 poet
268 2986 417 3036 triennium
430 2987 577 3038 inferiores
589 2991 676 3039 dicere
688 3003 731 3054 9ιιι
726 2990 873 3040 ‘doctrina
885 2989 957 3040 tertii
966 3003 1028 3037 anm
1024 2990 1090 3051 'fine
1102 3002 1165 3037 con·

194 3057 275 3104 clusa'
295 3050 386 3120 (const.
412 3052 511 3105 Omnem
527 3057 593 3120 reip.
610 3056 634 3117 ὅ.
647 3059 671 3106 4.
688 3054 746 3120 fin.)
762 3058 878 3135 reliquo
883 3057 963 3106 studii
981 3062 1095 3134 tempore
1112 3069 1166 3118 per

193 3125 358 3204 semetipsos
374 3122 528 3182 recitabant,
552 3120 629 3188 (unde
647 3139 691 3175 eos
707 3123 817 3189 Tlteopb
830 3115 898 3184 τούς
910 3114 1165 3188 αναγινώσιιοντας

195 3191 297 3252 dictet·
286 3191 368 3255 aisque
385 3192 461 3240 etiam
472 3193 517 3240 vic
536 3197 595 3255 post
618 3193 761 3252 triennium,
774 3199 801 3241 nt
812 3192 992 3256 imperatorias
1004 3191 1166 3240 constitutio-

195 3272 239 3308 nes
260 3261 380 3323 legerent,
402 3257 545 3321 contigisse
568 3262 627 3340 quia
648 3259 733 3325 quarti
753 3262 815 3309 anni
835 3261 930 3310 demum
946 3260 1029 3308 altero
1045 3255 1168 3307 semestri

194 3326 271 3390 Greg.
285 3331 310 3376 et
322 3325 413 3378 Herm.
425 3327 535 3376 codicem
538 3328 644 3392 ,quinto
655 3343 723 3378 anno
735 3329 810 3378 etiem
825 3327 871 3378 Tb.
884 3333 998 3378 tractare
1010 3331 1167 3378 macerante

194 3409 251 3446 nam
272 3395 320 3444 ‘in
342 3400 485 3457 quartum
497 3400 620 3444 annnm’
643 3396 724 3458 (cuius
739 3397 829 3460 priore
841 3397 939 3446 seilicet
949 3394 1067 3443 semestri
1077 3393 1167 3442 Paulli

194 3476 332 3593 pesponsa
341 3460 529 3596 ιἰιιιίιιςιιιιιι)3
540 3467 619 3513 omnis
640 3465 761 3530 antiquae
784 3463 982 3528 prudentiae
1005 3459 1067 3523 finis
1086 3463 1166 3510 erat'

207 3537 280 3580 const
307 3530 343 3578 cit
369 3530 384 3590 ἕ
409 3532 420 3578 1
