2484 3916
222 206 263 270 38
501 223 535 257 nr
550 185 651 256 'annun
669 219 817 256 nrvrsrons
835 205 872 266 ll,
894 208 916 256 1.

224 365 380 437 occupantis
396 362 435 418 sn.
467 363 614 418 naturalem
636 371 726 418 autem
746 361 898 418 libertatem
912 363 1033 436 recipere
1054 361 1196 436 intellegi·

110 515 114 522 ι
225 457 280 519 tur,
296 465 356 503 cum
372 448 414 503 vel
430 447 525 504 oculos
541 455 603 503 tuos
620 447 747 521 effugerit
761 447 804 502 vel
819 447 857 502 ita
871 447 906 502 sit
921 447 949 501 in
965 454 1118 520 conspeetu
1134 455 1195 508 tuo,

173 547 205 596 13
224 541 255 588 ut
270 530 386 588 difficilis
402 534 437 588 sit
453 533 510 587 eius
525 533 688 605 persecutio.
718 531 787 586 lllud
802 533 954 610 quaesitum
968 537 1021 602 est,
1037 548 1081 601 an,
1098 532 1124 586 sl
1138 531 1197 586 sera

223 615 309 672 bestia
324 618 360 672 ita
375 616 513 672 vulnerata
529 617 579 687 sit,
601 623 631 671 ut
645 618 702 690 capi
718 617 820 690 possit,
841 617 932 671 statim
947 623 994 670 tua
1008 631 1069 670 esse
1085 615 1196 670 intelle-

224 709 314 775 gatur.
345 699 504 774 quibusdam
519 701 635 774 placuit,
651 702 742 756 statim
758 707 831 756 tuam
847 715 906 756 esse
921 707 949 756 et
964 716 997 756 eo
1014 715 1104 774 usqne
1122 707 1196 754 tuam

223 785 317 857 videri,
334 785 420 841 donec
435 802 492 841 eam
507 786 693 858 persequaris;
710 784 807 859 quodsi
823 784 934 840 desieris
955 785 1100 858 persequi,
1123 784 1196 839 desi-

223 886 289 926 nere
305 878 377 925 tuam
394 886 454 924 esse
469 877 497 924 et
512 885 607 924 rursus
623 868 682 926 fieri
697 870 863 942 occupantis.
889 869 934 924 alii
948 885 1004 924 non
1018 867 1099 924 aliter
1115 877 1197 941 puta-

224 963 321 1010 verunt
332 962 405 1009 tuam
417 970 487 1024 esse,
504 955 618 1027 quamsi
633 955 746 1027 ceperis.
774 953 821 1009 sed
836 955 1016 1027 posteriorem
1030 954 1195 1008 sententiam

225 1055 274 1094 nos
291 1036 496 1109 confirmamus,
518 1039 580 1111 quia
594 1037 678 1093 multa
692 1037 813 1094 accidere
834 1038 940 1109 solent,
957 1044 987 1092 ut
1003 1053 1061 1092 eam
1076 1053 1134 1092 aron
1154 1054 1197 1092 ca·

174 1139 206 1186 14
224 1123 291 1196 pias.
323 1123 419 1194 Apium
436 1137 545 1196 qnoque
566 1129 660 1178 natura
682 1121 736 1178 iera
757 1129 807 1178 est.
843 1123 935 1194 itaque
956 1137 1024 1195 quae
1045 1123 1073 1176 in
1096 1120 1197 1176 arbore

224 1214 270 1262 tua
285 1205 474 1278 consederint,
495 1215 639 1280 antequam
654 1213 711 1262 ate
727 1206 802 1262 alveo
823 1205 1011 1276 includantur,
1033 1222 1090 1261 non
1107 1207 1196 1279 magis

224 1299 286 1346 tuae
302 1307 362 1346 esse
376 1291 585 1365 intelleguntur,
601 1307 681 1364 quam
696 1291 834 1361 volucres,
851 1292 962 1364 quaein
978 1299 1025 1346 tua
1039 1289 1138 1345 arbore
1157 1291 1196 1344 ni-

224 1374 288 1430 dum
305 1374 431 1431 iecerint:
446 1375 563 1450 ideoque
578 1377 600 1431 si
617 1375 683 1431 alius
699 1392 743 1431 eas
759 1375 908 1446 incluserit,
924 1377 945 1430 is
958 1391 1049 1430 earum
1064 1373 1196 1429 dominus

224 1461 284 1515 erit.
316 1460 391 1516 savos
409 1476 518 1534 quoque
538 1462 561 1516 si
577 1477 647 1534 quos
662 1461 712 1516 hae
728 1459 857 1530 iecerint,
881 1459 994 1533 quilibet
1010 1459 1129 1514 eximere
1146 1475 1196 1531 po-

223 1553 287 1600 test.
317 1545 396 1620 plane
418 1547 585 1619 integrare,
606 1547 629 1600 si
650 1543 799 1619 provideris
820 1543 1017 1617 ingredientem
1033 1545 1061 1598 iu
1076 1542 1196 1598 landum

225 1638 312 1700 tuum,
328 1636 407 1702 potes
419 1646 480 1698 eum
495 1631 554 1685 iure
564 1628 720 1703 prohibere,
733 1645 767 1684 ne
779 1627 955 1702 ingrediatur.
982 1643 1105 1698 eramen,
1118 1627 1196 1700 quod

224 1729 258 1768 er
273 1713 349 1768 alveo
366 1722 412 1768 tuo
425 1713 581 1784 evolaverit,
598 1729 630 1768 eo
643 1729 730 1786 usque
745 1720 822 1768 tuum
835 1729 894 1768 esse
908 1713 1089 1786 intellegitur,
1106 1711 1196 1766 doner

224 1797 251 1850 in
267 1803 417 1870 conspectu
433 1804 480 1852 tuo
497 1804 538 1852 est
553 1813 604 1853 nec
618 1795 736 1852 dillicilis
751 1798 810 1852 eius
826 1798 980 1870 persecutio
996 1804 1053 1852 est:
1069 1795 1196 1868 alioquin

175 1895 206 1943 15
225 1881 380 1953 occupantis
397 1878 436 1935 lit.
466 1879 603 1937 Pavonum
625 1889 652 1936 ct
667 1879 851 1936 columbarum
872 1880 927 1936 iera
949 1889 1043 1936 natura
1059 1888 1111 1936 est.
1144 1897 1196 1934 nec

224 1964 257 2022 ad
273 1981 329 2020 rem
344 1966 480 2039 pertinet,
497 1965 571 2040 quod
586 1982 618 2022 er
633 1965 831 2021 consuetudine
846 1966 952 2022 avolare
968 1973 995 2020 et
1009 1964 1132 2021 revolare
1150 1981 1196 2018 so·

223 2049 294 2106 lent:
315 2067 376 2106 nam
398 2057 425 2106 et
445 2067 510 2125 apes
531 2049 601 2106 idem
621 2050 738 2121 iaciunt,
766 2067 880 2124 quarum
900 2057 1008 2106 constat
1028 2049 1112 2104 feram
1132 2065 1195 2104 esse

224 2142 358 2191 naturam:
379 2151 473 2192 cervos
490 2152 600 2212 quoque
619 2137 658 2192 ita
672 2133 780 2209 qnidam
802 2141 958 2192 mansuetos
980 2133 1095 2204 habent,
1120 2135 1196 2188 utin

224 2220 304 2275 silvas
324 2222 364 2276 ire
385 2228 412 2276 et
432 2221 521 2276 redire
542 2221 663 2292 soleant,
688 2235 804 2292 quorum
831 2227 858 2274 et
878 2221 1000 2293 ipsorum
1022 2219 1106 2274 leram
1132 2233 1196 2272 esse

223 2312 344 2359 naturam
361 2307 440 2360 nemo
455 2313 547 2378 negat.
577 2306 604 2359 in
620 2305 661 2360 bis
677 2314 767 2359 autem
787 2303 960 2374 animalibus,
982 2319 1050 2376 quae
1072 2319 1107 2358 ex
1128 2319 1196 2357 con·

224 2387 368 2442 suetudine
384 2387 457 2442 abire
478 2397 506 2443 et
521 2387 610 2443 redire
625 2388 730 2458 solent,
752 2388 813 2444 talis
834 2388 930 2461 regula
950 2386 1125 2460 comprobata
1142 2395 1196 2445 est.

224 2478 255 2526 ut
271 2487 303 2526 eo
320 2487 407 2544 usque
422 2478 468 2526 tua
484 2487 544 2526 esse
564 2471 773 2546 intellegantur,
798 2472 886 2527 donec
906 2473 1022 2528 animum
1036 2471 1198 2526 revertendi

224 2554 431 2610 lrabeantrnam
447 2557 469 2610 si
484 2555 638 2612 revertendi
655 2557 771 2612 animum
783 2555 1032 2627 haberedesierint,
1048 2557 1132 2610 etiam
1150 2563 1197 2609 tua

224 2657 284 2696 esse
301 2639 428 2696 desinunt
443 2647 471 2695 ct
487 2637 555 2695 fiunt
572 2641 768 2714 occupantium.
799 2641 953 2697 revertendi
968 2648 1058 2696 autem
1073 2641 1197 2696 animum

224 2725 351 2781 videntur
366 2723 491 2780 desinere
506 2723 614 2796 babere,
631 2741 691 2780 eum
707 2725 861 2781 revertendi
876 2724 1104 2782 consuetudinem
1116 2723 1196 2778 dese·

175 2823 206 2873 16
224 2811 339 2866 ruerint.
371 2807 533 2864 Gallinarum
555 2816 582 2864 et
603 2825 728 2864 anserum
750 2827 806 2865 non
821 2817 863 2865 est
878 2809 936 2865 lora
949 2817 1045 2865 natura
1060 2807 1147 2881 idque
1165 2824 1197 2862 er

225 2911 257 2950 eo
273 2909 420 2966 possumus
435 2893 611 2968 intellegere,
633 2893 706 2966 quod
722 2893 788 2949 aliae
804 2901 869 2949 sunt
884 2893 1015 2968 gallinae,
1038 2909 1105 2966 quas
1122 2892 1197 2946 leras

226 2993 362 3050 vocamus,
377 2979 443 3033 item
459 2977 502 3033 alii
517 2995 636 3049 anseres,
653 2994 722 3050 quos
738 2977 812 3034 leros
828 2978 1003 3051 appellamus.
1034 2976 1157 3050 ideoque
1173 2977 1197 3030 si

225 3077 334 3118 anseres
349 3063 391 3118 tui
406 3065 451 3118 aut'
460 3062 576 3136 gallinae
591 3071 654 3118 tuae
666 3062 756 3135 aliquo
773 3080 837 3118 casu
848 3061 949 3118 turbati
960 3060 1118 3118 turbataeve
1130 3077 1196 3115 evo·

223 3147 355 3219 laverint,
370 3147 434 3203 lieet
448 3154 624 3220 conspectum
642 3154 716 3202 tuum
732 3147 892 3221 effugerint,
915 3161 1087 3220 quocumque
1103 3153 1195 3200 tamen

224 3231 286 3288 loeo
302 3233 372 3303 sint,
388 3233 428 3286 tui
445 3239 540 3288 tuaeve
556 3247 615 3286 esse
630 3231 840 3306 intelleguntur:
862 3240 890 3287 et
906 3233 951 3304 qui
965 3229 1087 3286 lucrandi
1103 3231 1195 3284 animo

173 3329 207 3376 17
226 3334 256 3372 ea
271 3317 392 3372 animalia
407 3317 523 3388 retinet,
545 3315 648 3371 lurtum
663 3317 834 3372 committere
848 3315 1026 3389 intellegitur.
1062 3313 1131 3384 ltem
1155 3329 1194 3376 ea,

225 3416 293 3473 quae
314 3416 346 3455 en
367 3400 490 3456 hostibus
512 3401 648 3472 capimus,
671 3401 729 3454 iare
745 3400 867 3473 gentium
888 3400 978 3454 statim
999 3405 1093 3454 nostra
1109 3395 1195 3452 liunt:

225 3483 292 3539 adeo
309 3484 432 3557 quidem,
448 3493 478 3540 ut
494 3492 521 3540 et
536 3483 611 3540 liberi
625 3484 747 3540 homines
762 3485 790 3538 in
802 3485 958 3540 servitutem
971 3489 1093 3538 nostram
1109 3481 1196 3536 dedu-

571 3695 737 3884 Χ
