2464 3916
366 235 402 268 nn
421 233 594 270 serrournus
612 219 658 282 IV,
678 221 704 270 6.·
851 261 854 269 ι
965 217 1025 282 173

51 386 97 432 tur
112 375 257 450 quadrupli
278 377 335 432 sive
350 391 401 431 nec
416 375 551 430 manifesti
571 374 661 448 dupli,
686 373 719 430 de
739 375 797 430 sole
813 391 905 448 ,poene
921 377 1025 448 egitur:

51 478 114 518 nem
129 462 214 534 ipsam
233 477 291 514 rem
311 461 421 533 proprie
442 461 548 516 actione
569 459 743 533 persequitur
758 461 833 531 quis,
850 459 877 514 id
893 467 936 514 est
950 465 1027 516 suem
1104 499 1109 512 ι

52 561 113 601 esse
128 552 236 618 petens,
251 545 307 600 sive
318 543 432 616 lor-lpse
448 561 505 600 eem
516 561 574 600 rem
588 542 738 618 possideat,
750 543 807 599 sive
819 543 887 598 elius
900 543 1025 616 quilibet:

52 647 85 685 eo
101 628 217 702 emplius
238 629 366 684 adversus
386 628 474 684 iurem
495 630 576 684 etiem
596 627 732 684 condictio
748 635 790 682 cst
809 629 859 682 rei.
892 628 921 684 Vi
937 635 1026 684 eutem
1046 635 1077 684 19

53 714 188 772 bonorum
203 722 343 786 ruptorum
358 715 428 769 ectio
445 714 526 768 mixte
541 721 599 784 est,
622 714 684 784 quie
699 713 726 767 in
743 711 895 785 quadruplo
910 713 950 767 rei
966 729 1027 786 per·

53 799 158 854 secutio
174 799 340 868 continetur,
353 805 541 871 poeneeutem
557 795 630 870 tripli
641 804 692 852 est.
720 796 767 852 sed
783 804 810 850 et
825 796 894 869 legis
906 797 1027 868 Aquiliae

53 884 123 938 ectio
139 881 174 937 de
189 881 286 937 demno
303 883 384 936 mixte
399 891 452 952 est,
468 898 524 936 non
540 881 629 938 solum
645 882 668 936 si
684 880 811 936 edversus
826 877 984 936 infitiantem
1000 881 1027 936 in

52 967 167 1040 duplum
187 974 299 1040 egetur,
320 959 369 1038 sed
388 965 526 1030 interdum
546 973 575 1022 et
594 967 663 1032 siin
683 965 810 1039 simplum
830 966 946 1038 quisque
960 965 1026 1038 egit.

53 1051 138 1106 veluti
153 1051 176 1105 si
192 1053 253 1124 quis
268 1051 404 1107 bominem
425 1050 550 1106 claudum
571 1058 618 1105 eut
638 1049 743 1106 luscum
765 1049 911 1120 occiderit,
934 1051 980 1121 qui
1000 1049 1028 1103 in

54 1152 87 1191 eo
103 1152 176 1191 enno
195 1137 304 1209 integer
323 1143 351 1190 et
371 1136 462 1208 magni
481 1136 562 1208 pretii
584 1135 680 1204 luerit3
700 1136 768 1190 tenti
789 1135 861 1189 euim
876 1133 1028 1204 damnetur,

54 1221 149 1292 quenti
164 1221 187 1274 is
202 1219 284 1275 bomo
300 1220 327 1274 in
342 1235 375 1274 co
391 1235 462 1274 enno
478 1219 586 1292 plorimi
601 1217 700 1290 luerit,
717 1217 866 1274 secundnm
880 1219 931 1274 iem
947 1217 1028 1273 tredi-

56 1313 112 1360 tem
132 1304 299 1360 divisionem.
336 1305 401 1358 item
422 1305 503 1359 mixte
523 1313 567 1359 cst
587 1305 657 1360 ectio
678 1311 772 1359 contre
794 1319 858 1374 cos,
874 1305 919 1375 qui
935 1302 1029 1358 relicte

56 1383 233 1444 secrosenctis
261 1387 382 1444 ecclesiis
409 1387 452 1443 vel
477 1387 536 1444 eliis
562 1387 759 1444 venerabilibus
785 1387 852 1442 locis
878 1387 961 1461 legeti
986 1387 1029 1442 vel

54 1471 256 1528 fideicommissi
270 1475 380 1528 nomine
396 1471 459 1527 dere
474 1471 631 1528 distulerint
646 1489 733 1544 osque
749 1471 832 1542 edco,
856 1479 885 1526 ut
904 1473 985 1526 etiem
1000 1473 1028 1525 in

53 1557 184 1612 iudicium
199 1564 373 1614 uocarentur·
395 1563 461 1612 tunc
476 1558 574 1612 etenim
590 1557 639 1612 ct'
632 1573 717 1630 ipsem
736 1573 793 1612 rem
815 1556 858 1611 vel
878 1556 1028 1646 pecuqiem,

54 1659 160 1716 queo
140 1641 235 1696 relicte
251 1648 304 1714 est,
320 1641 383 1696 dere
398 1641 601 1715 compelluntur
614 1649 643 1696 et
658 1640 729 1696 eliud
745 1649 848 1696 tentum
864 1657 915 1718 pro
930 1639 1028 1753 poene,

54 1735 80 1782 et
96 1726 185 1782 ideo'
177 1742 205 1781 111
221 1726 333 1799 duplum
349 1727 406 1782 eins
422 1723 453 1780 fit
467 1725 676 1782 condemnatio.

119 1809 256 1879 Queedem
271 1812 391 1868 actiones
406 1812 515 1868 mittem
530 1827 635 1867 oensem
651 1811 775 1884 optinere
796 1809 920 1866 videntur
935 1817 987 1864 tem
1002 1809 1030 1864 in
1048 1813 1081 1862 20

52 1914 112 1952 rem
130 1911 210 1970 quem
225 1897 254 1951 in
268 1911 422 1970 personam.
459 1895 547 1970 quelis
568 1905 610 1952 est
625 1895 740 1951 lumiliee
760 1895 935 1952 erciscundae
949 1895 1030 1966 ectio,

53 1998 125 2056 quee
140 1981 273 2053 competit
287 1979 465 2036 coheredibus
483 1981 517 2035 de
532 1980 672 2036 dividenda
692 1979 854 2034 hereditate·
878 1981 943 2034 item
957 1995 1031 2034 com·

54 2067 132 2122 muni
147 2064 311 2137 dividundo,
333 2081 402 2138 qnee
421 2067 499 2142 inter
513 2080 561 2180 eps
581 2063 720 2134 redditur,
745 2063 819 2117 inter
840 2079 910 2136 quos
930 2061 1030 2134 aliquid

53 2148 246 2206 commences
258 2166 427 2223 quecumque
439 2165 518 2205 ceusu
528 2143 603 2218 ¹,est
619 2155 649 2203 ut
661 2147 688 2202 id
699 2146 847 2202 dividetur.
862 2149 925 2202 item
938 2143 1031 2200 linium

53 2233 255 2333 regundorum,
272 2250 341 2308 quee
355 2235 427 2290 inter
441 2250 489 2290 eos
504 2235 611 2308 egitur,
628 2233 674 2306 qui
689 2228 810 2286 contines
825 2247 906 2304 egros
923 2228 1030 2285 hebent.

53 2323 84 2376 in
101 2318 204 2392 quibus
219 2317 304 2374 tribus
319 2319 430 2374 iudiciis·
439 2318 607 2392 permittitur
626 2316 709 2372 iudici
728 2331 784 2371 rem
800 2315 878 2371 elicui
895 2331 927 2370 en
942 2314 1031 2388 litige-

53 2403 164 2460 toribus
179 2420 212 2459 en
226 2403 299 2459 bono
315 2411 343 2458 et
358 2419 444 2477 ecquo
460 2402 611 2458 ediudicerc
627 2410 669 2472 et,
691 2401 714 2456 si
734 2401 814 2456 unius
829 2417 891 2474 pers
907 2415 1033 2473 praegre-

56 2490 113 2544 veri
128 2487 279 2559 videbitur,
302 2505 364 2544 eum
384 2489 497 2544 invicem
519 2494 594 2543 certe
609 2486 723 2560 pecunia
744 2484 822 2541 elteri
843 2483 1031 2542 condemnere.

123 2571 223 2628 Omnes
238 2580 327 2628 eutem
343 2573 463 2648 cotiones
484 2572 526 2628 vel
547 2573 575 2627 in
596 2571 721 2644 simplum
742 2578 890 2643 conceptue
910 2577 977 2624 sunt
991 2568 1032 2623 vel
1050 2582 1082 2629 ιι

56 2661 84 2714 in
106 2657 221 2730 duplum
242 2655 285 2713 vel
307 2657 335 2711 in
351 2657 462 2730 triplum
478 2657 519 2711 vel
540 2658 567 2711 in
591 2654 786 2728 quedruplum:
807 2654 921 2710 ulterius
942 2659 1031 2708 eutem

57 2741 134 2798 rrulle
155 2741 224 2796 ectio
246 2740 410 2797 extenditur.
451 2741 481 2796 ln
502 2740 629 2814 simplum
650 2742 741 2813 egitur
763 2738 846 2794 veluti
867 2754 899 2792 en
920 2735 1033 2810 stipule-
1051 2751 1083 2798 ιι

57 2829 150 2898 tione„
166 2841 198 2888 cn
214 2827 302 2886 mutui
318 2825 441 2896 eletione,
457 2832 612 2898 exempto,
628 2824 753 2895 vendito,
769 2823 869 2894 luceto,
885 2821 1032 2891 conducto,

58 2911 184 2966 mundato
205 2917 233 2965 et
253 2909 370 2983 denique
392 2926 425 2965 ex
446 2909 504 2964 eliis
525 2907 710 2982 compluribus
734 2909 830 2963 censis.
870 2907 899 2962 ln
920 2905 1033 2980 duplum
1052 2920 1084 2968 23

58 2997 166 3070 egimus
182 2994 266 3050 veluti
279 2995 347 3050 lurti
362 3011 412 3050 nce
427 2993 577 3064 menilcsti,
593 2993 681 3048 demni
696 2993 808 3048 iniuriee
823 3009 856 3048 cx
872 2991 934 3066 lege
949 2991 1032 3064 Aqui-

59 3080 110 3152 lie,
125 3079 244 3154 depositi
259 3096 292 3135 ex
308 3077 467 3152 quibusdem
487 3077 605 3133 casibus:
627 3079 692 3132 item
714 3078 785 3132 servi
804 3078 942 3150 corrupti,
965 3092 1041 3151 quee-

59 3165 191 3238 competit
206 3165 234 3219 in
250 3181 328 3236 eum,
344 3165 421 3220 cuius
436 3163 548 3220 berteto
562 3161 711 3218 consiliove
726 3161 939 3217 servusetienus
955 3159 1034 3233 luge·

61 3250 100 3302 rit
112 3255 159 3304 eut
180 3256 325 3304 continues
348 3247 476 3304 aduersus
498 3247 636 3303 dominum
657 3245 744 3301 iectus
765 3253 808 3316 est
828 3252 875 3302 eut
888 3244 1034 3300 'lururiose
1100 3249 1102 3256 “

131 3445 150 3509 ¹)
171 3459 313 3496 commuue
340 3463 374 3498 ex
400 3459 482 3511 quac.
509 3461 532 3496 c.
559 3446 638 3510 aliqui
663 3447 739 3496 codd.
757 3445 834 3506 inser.
868 3442 980 3506 Tdcopb.
1002 3457 1036 3491 en

61 3527 142 3579 quec.
162 3530 186 3568 c.
206 3514 541 3565 communeBcommune
556 3513 833 3580 Echteriqueedd
846 3511 920 3566 Scbr.
939 3516 965 3560 et
983 3510 1034 3560 Kr.
