2486 3916
193 213 235 278 62
400 229 436 264 ns
457 225 650 264 renuntiatam
669 225 843 264 centulense
861 211 898 271 11,
917 213 958 262 10.

193 379 344 445 emptorem
367 379 394 427 et
415 385 479 440 eos,
506 373 552 445 qui
578 385 628 445 per
651 377 815 446 potestatem
834 371 859 425 ei
879 367 1022 426 coadunati
1044 366 1168 436 luerunt,

191 457 400 512 testamentariis
421 457 584 514 testimoniis
605 455 787 530 repellebant,
808 453 901 511 heredi
915 460 944 509 et
959 453 1017 522 bis,
1037 452 1083 525 qni
1099 465 1169 506 con·

191 542 276 596 iuncti
296 542 321 596 ei
341 555 391 615 per
410 548 575 616 potestatem
597 540 721 611 inerant,
747 537 931 598 concedebant
955 535 1113 593 testimonia
1137 535 1169 590 iu

191 627 362 682 testamentis
376 631 529 700 praestare,
551 627 616 682 licet
637 625 679 697 bi,
700 628 747 700 qui
766 625 794 682 id
809 622 1015 698 permittebant,
1036 622 1090 676 boc
1104 621 1170 675 iure

108 763 113 770 .
191 711 300 766 minime
322 709 396 767 abuti
416 711 515 768 debere
536 727 584 768 eos
605 709 768 766 suadebunt:
790 717 879 765 temen
900 721 967 778 nos,
988 705 1101 763 eandem
1117 701 1170 760 ob-

190 797 371 852 servationem
386 798 556 870 corrigentes
572 801 615 867 et,
637 795 711 870 quod
726 794 758 851 ab
773 795 827 851 illis
843 807 954 849 suasum
969 800 1027 860 est,
1048 789 1169 864 lelegis

190 881 380 937 necessitatem
406 880 618 952 transferentes,
648 879 681 936 ad
709 880 888 936 imitationem
911 877 1021 952 pristini
1049 873 1171 931 familiae

191 967 321 1039 emptoris
342 967 439 1020 merito
461 981 511 1021 uec
525 965 636 1036 heredi,
657 966 704 1038 qui
723 966 867 1039 imaginent
887 961 1065 1018 vetustissimi
1087 958 1170 1013 iami-

190 1050 243 1106 liae
258 1049 388 1123 emptoris
409 1049 532 1124 optinet,
553 1065 604 1105 nec
624 1049 682 1104 eliis
702 1049 842 1124 personis,
864 1061 933 1122 quae
948 1048 989 1117 el,
1010 1051 1041 1100 ut
1062 1043 1172 1100 dictum

191 1141 243 1205 est,
260 1133 422 1189 coniunctae
437 1142 518 1205 sunt,
539 1134 677 1190 licentiam
694 1133 868 1190 concedimus
889 1129 940 1188 sibi
962 1127 1170 1204 quodammodo

189 1219 345 1274 testimonia
365 1225 517 1292 praestare:
539 1219 656 1292 ideoque
677 1235 727 1275 nec
742 1216 875 1274 eiusmodi
888 1225 1009 1273 veterem
1029 1213 1174 1270 constitu·

141 1311 171 1357 11
190 1302 292 1359 tionem
313 1310 409 1358 nostro
430 1303 518 1360 codici
536 1303 621 1359 inseri
640 1305 821 1377 permisimus.
855 1301 1004 1376 Legatariis
1025 1305 1120 1354 eutem
1140 1306 1173 1352 et

190 1383 459 1457 fideicommissariis,
476 1389 608 1461 quianon
623 1389 689 1444 iuris
700 1401 873 1444 successores
888 1391 969 1457 suut,
985 1391 1013 1440 et
1027 1383 1088 1439 aliis
1104 1397 1172 1456 pcr-

190 1473 265 1528 sonis
286 1473 325 1528 eis
347 1473 500 1528 coniunctis
525 1474 712 1528 testimonium
737 1487 793 1528 non
818 1471 1000 1545 denegamus,
1026 1470 1112 1524 immo
1139 1468 1172 1522 in

191 1556 304 1630 quadum
325 1565 420 1613 nostru
440 1550 652 1613 constitutione¹
675 1564 702 1612 et
724 1557 777 1614 boc
796 1555 950 1630 specialiter
968 1553 1171 1622 concessimus,

190 1648 218 1695 et
233 1642 320 1696 multo
335 1642 420 1714 magis
436 1642 494 1712 his,
516 1641 563 1714 qui
583 1642 611 1695 ln
626 1655 722 1696 eorum
741 1647 878 1716 potestate
894 1648 974 1711 sunt,
993 1638 1038 1694 rel
1053 1638 1103 1712 qui
1119 1653 1171 1692 ees

191 1723 289 1780 habeut
304 1726 332 1779 in
346 1730 498 1796 potestate,
514 1725 668 1779 huiusmodi
684 1725 820 1781 licentlam
835 1726 939 1780 damus.

139 1817 171 1866 12
253 1807 325 1862 Nihil
340 1813 430 1862 autern
449 1809 577 1872 interest,
599 1816 791 1865 testamentum
811 1811 839 1866 in
854 1809 952 1866 tabulis
967 1825 1000 1864 an
1019 1809 1049 1864 iu
1064 1809 1173 1864 obustis

139 1903 171 1952 13
190 1889 385 1946 membranisre
400 1891 442 1949 vel
462 1893 490 1946 iu
506 1891 555 1947 alia
570 1894 681 1948 materia
696 1891 750 1949 liat.
785 1887 859 1950 ²Sed
874 1901 902 1950 et
918 1907 1002 1950 uuum
1016 1901 1172 1950 testamen·

190 1982 248 2029 tum
263 1973 387 2048 pluribus
402 1975 538 2032 codicibus
559 1975 693 2034 conticere
713 1980 774 2052 quis
789 1987 897 2053 potest,
918 1978 1071 2035 securrdum
1095 1979 1172 2052 opti·

189 2066 299 2116 nentem
320 2067 409 2116 tamen
430 2060 646 2118 observationem
666 2063 791 2120 omnibus
811 2064 896 2120 lactis.
934 2063 1008 2138 qnod
1023 2063 1170 2119 interdum

190 2151 217 2198 et
232 2146 416 2200 necessarium
427 2153 484 2218 est,
500 2147 522 2202 si
539 2148 600 2220 quis
615 2147 790 2222 navigaturus
806 2155 834 2204 et
849 2163 941 2204 seeum
956 2148 1029 2204 israe
1046 2155 1075 2204 et
1092 2147 1168 2204 demi

188 2228 342 2301 relinquere
362 2227 523 2286 iudiciorum
544 2247 656 2286 snorum
676 2234 904 2288 contestationem
922 2231 1003 2304 velit,
1030 2233 1075 2288 vel
1102 2249 1170 2306 pro·

187 2319 251 2384 pter
270 2313 333 2367 alias
353 2313 562 2370 innumerabiles
583 2329 692 2386 causas,
716 2333 784 2390 quae
805 2317 929 2374 humenis
950 2313 1166 2374 necessitutibus

138 2407 171 2454 14
187 2395 337 2450 imminent.
375 2395 428 2450 Sed
449 2398 516 2452 baec
536 2398 645 2470 quidem
664 2399 698 2456 de
714 2403 899 2472 testamentis,
921 2417 990 2476 quae
1008 2403 1169 2476 inscriptis

188 2475 378 2534 conficiuntur.
410 2481 433 2534 si
449 2482 509 2552 quis
524 2488 614 2537 autem
628 2484 746 2541 voluerit
761 2487 819 2542 siue
835 2489 944 2560 scriptis
960 2486 1090 2542 ordinare
1105 2487 1169 2542 iure

187 2561 257 2618 civili
278 2569 486 2635 testamentum,
507 2573 610 2639 septem
631 2567 747 2624 testibus
768 2569 892 2630 adhibitis
907 2579 935 2627 et
957 2587 1007 2627 sua
1020 2571 1165 2628 voluntate

188 2661 278 2702 coram
299 2648 337 2702 eis
352 2657 523 2722 nuncupata,
544 2652 625 2720 sciat,
646 2653 699 2708 hoc
717 2654 947 2727 perfectissimum
964 2663 1166 2712 testamentum

186 2731 245 2786 iure
261 2731 331 2787 civili
347 2729 509 2806 firmumque
525 2737 712 2794 coustitutum.
949 2749 951 2752 '

254 3009 279 3074 ¹)v
294 3029 359 3077 qnae
377 3029 427 3064 reon
445 3021 519 3066 emisi
535 3018 572 3066 'im
592 3017 663 3068 libris
688 3023 817 3084 repetitae
838 3026 1027 3087 praelectionis
1053 3025 1155 3077 cadesim

182 3077 298 3139 sortasse
321 3082 425 3142 uenisse,
450 3086 519 3150 quod
539 3084 719 3137 contenente
741 3097 822 3140 comt.
840 3091 874 3142 L.
895 3093 937 3142 ii.
958 3092 985 3143 G.
1005 3094 1038 3142 aie
1056 3097 1154 3142 testum.

185 3143 220 3208 (6,
238 3145 282 3209 23)
312 3149 378 3199 idem
404 3153 561 3214 rennuebat,
589 3154 687 3204 seilicet
711 3158 776 3220 ipsis
803 3159 908 3209 lectibus
925 3162 963 3210 ad
979 3165 1160 3211 testamentum·

184 3214 312 3276 adhibitis,
331 3220 402 3282 quod
424 3223 495 3279 uelit,
523 3222 668 3286 relinquere
686 3227 806 3275 testatori
830 3228 924 3284 licere,-
944 3230 1013 3279 ende
1030 3227 1160 3293 sequen,

184 3283 323 3345 leputarioc
348 3293 419 3336 recte
436 3294 522 3338 testes·
538 3289 664 3342 adbiberi.
682 3307 713 3342 eu
738 3307 801 3342 cere
825 3301 959 3358 spectasse
986 3298 1063 3346 etiam
1088 3294 1152 3345 berte

184 3347 323 3400 [muntani
340 3356 550 3418 constitutionem,
573 3355 727 3421 Theophilus
743 3367 836 3410 auctor
852 3367 901 3412 est.
937 3361 958 3425 ²)
968 3363 1100 3416 ΞΜ.
1117 3360 1158 3408 D-

184 3418 227 3478 qui
245 3424 342 3472 testam.
358 3421 412 3483 foc.
432 3423 483 3487 (28,
503 3421 532 3486 ll
547 3439 584 3473 em
601 3423 746 3477 Florentes
763 3429 779 3476 i.
800 3429 832 3478 10
849 3431 940 3492 instit,
958 3437 1018 3482 mr.
