2464 3916
148 187 207 253 156
223 205 258 240 oa
279 201 531 251 obpressionibus,
552 201 626 245 cuns
647 203 682 237 rx
701 203 823 237 onnrcro
843 201 1009 237 nuscunrms
1026 187 1075 246 IV,
1096 189 1119 238 1.
1219 245 1221 254 Α

146 363 275 421 quaerere
290 343 405 402 testibus
420 343 609 418 praesentibus
621 343 757 400 volentem
770 342 950 417 prohibuerit.
979 353 1120 416 praeterea

145 448 233 505 poena
248 431 424 486 constituitur
439 428 527 484 edicto
542 430 676 502 praetoris
691 430 890 502 peractionem
910 427 976 482 furti
998 444 1054 483 non
1076 443 1121 482 ex·

146 515 224 570 hibiti
244 513 372 570 adversus
393 530 470 583 eum,
492 515 538 586 qui
560 512 686 568 furtivam
707 529 765 569 rem
786 512 857 586 apud
877 528 907 568 se
929 513 1078 584 quaesitam
1094 521 1123 566 et
1221 571 1222 578 ,

145 601 279 654 inventam
296 615 352 656 non
368 595 498 654 exhibuit.
538 597 586 653 sed
606 598 657 654 hae
678 598 814 668 actiones,
835 596 861 652 id
887 604 930 652 est
949 597 1077 670 concepti
1093 605 1122 652 et

146 682 230 738 oblati
245 690 273 738 et
288 683 354 739 furti
369 679 501 756 prohibiti
516 698 567 738 nec
582 698 637 737 non
652 682 720 738 furti
735 698 791 738 non
806 679 928 754 exhibiti,
945 683 973 736 in
988 680 1120 736 desuetu-

146 767 235 826 dinem
251 767 384 824 abierunt.
416 783 477 822 cum
492 767 563 822 euim
578 768 720 840 requisitio
741 767 782 822 rei
797 766 911 822 furtivae
927 765 1007 821 hodie
1023 782 1121 822 secun-

146 851 210 908 dnm
231 859 350 908 veterem
373 850 589 908 observationem
610 851 666 908 nbn
687 850 731 908 iit:
753 851 850 906 merito
872 867 904 907 ex
924 852 1123 923 consequentia
1222 859 1223 876 ¹

145 938 226 994 etiam
240 936 376 1010 praefatae
392 935 512 992 actiones
528 934 560 990 ab
576 952 628 991 usu
640 937 776 992 communi
789 941 973 1006 recesserunt,
989 951 1049 990 cum
1067 951 1124 990 ma·

145 1021 349 1078 nifestissimum
361 1028 414 1091 est,
427 1020 501 1094 quod
513 1036 617 1092 omnes,
634 1022 680 1093 qui
692 1021 808 1076 seientes
820 1036 877 1075 rem
888 1019 1013 1075 furtivam
1029 1035 1125 1074 susce·

112 1114 127 1161 5
145 1108 236 1179 perint
256 1115 285 1162 et
305 1105 468 1176 celaverint,
490 1104 556 1159 furti
576 1121 627 1162 nec
642 1105 777 1160 manifesti
799 1103 909 1160 obnoxii
923 1112 997 1159 sunt.
1028 1103 1123 1160 Poena
1223 1169 1224 1190 ,

145 1189 280 1246 manifesti
302 1191 368 1245 furti
390 1189 532 1263 quadrupli
553 1198 595 1244 est
616 1197 669 1244 tam
697 1206 729 1246 en
751 1191 821 1245 servi
841 1205 957 1262 persona
984 1204 1065 1262 quam
1088 1205 1122 1244 ex
1223 1205 1224 1228 ³

145 1273 238 1345 liberi,
254 1291 304 1330 nco
320 1274 454 1330 manifesti
469 1273 553 1347 dupli.

112 1367 127 1412 6
211 1352 343 1414 ¹nurtum
355 1366 445 1414 autem
461 1356 492 1413 lit
504 1375 560 1414 non
571 1359 672 1430 solum,
688 1375 749 1414 eum
761 1360 821 1431 quis
836 1356 1023 1431 intercipiendi
1039 1373 1124 1413 causa

145 1459 203 1498 rem
224 1443 337 1500 alienam
358 1450 480 1515 amovet,
507 1442 555 1498 sed
575 1442 739 1516 generaliter
760 1460 821 1498 eum
848 1444 908 1516 quis
929 1442 1041 1498 alienam
1061 1459 1124 1498 rem
1224 1479 1225 1518 3

145 1529 231 1584 invito
247 1528 358 1584 domino
373 1535 535 1584 contrectat.
566 1529 658 1600 itaque
673 1529 729 1582 sive
744 1527 863 1583 creditor
883 1529 998 1601 pignore
1013 1527 1071 1582 sive
1085 1528 1124 1598 is,

146 1612 216 1685 apud
233 1629 313 1686 quem
328 1629 372 1668 res
388 1612 511 1686 deposita
526 1620 579 1683 est,
595 1628 625 1666 ca
640 1619 776 1668 ventatur
790 1613 845 1668 sive
861 1613 893 1683 is,
910 1611 1025 1684 quirem
1040 1619 1123 1666 uten-

146 1696 205 1752 dam
221 1698 333 1769 aeeepit,
349 1698 377 1752 in
392 1697 473 1752 alium
489 1713 568 1751 usum
583 1712 641 1751 eam
657 1697 817 1768 transferat,
842 1713 920 1769 quam
941 1696 1018 1750 cuius
1033 1697 1123 1769 gratia

146 1781 171 1834 ei
186 1779 246 1834 data
262 1789 314 1850 est,
330 1780 433 1834 furtum
445 1781 599 1836 committit.
629 1780 712 1836 veluti
727 1783 750 1836 si
760 1781 821 1854 quis
832 1787 975 1856 argentum
986 1780 1122 1835 utendum

146 1865 281 1936 acceperit
296 1864 372 1936 quasi
387 1865 487 1918 amicos
503 1863 535 1919 ad
556 1879 649 1919 cenam
669 1866 831 1922 invitaturus
852 1872 881 1922 et
899 1865 927 1920 id
945 1881 1063 1939 peregre
1079 1881 1122 1920 se·

146 1964 207 2005 eum
227 1947 338 2018 tulerit,
362 1955 409 2004 aut
430 1949 453 2003 si
474 1949 534 2022 quis
555 1965 656 2024 equum
677 1951 801 2024 gestandi
819 1967 898 2006 causa
919 1948 1120 2005 commodatum

146 2029 196 2088 sibi
216 2031 326 2106 longius
348 2032 438 2106 aliquo
460 2031 583 2104 duxerit,
610 2034 683 2107 quod
704 2043 810 2090 veteres
831 2036 999 2108 scripserunt
1019 2033 1053 2090 de
1074 2051 1120 2104 eo,

113 2126 127 2173 t
147 2118 192 2190 qui
208 2118 236 2173 in
250 2119 333 2174 aciem
348 2134 448 2191 equum
463 2117 643 2191 perduxisset.
674 2117 777 2176 Placuit
789 2126 888 2190 tamen,
904 2135 962 2188 eos,
978 2119 1025 2190 qui
1035 2117 1119 2174 rebus

145 2201 323 2260 commodatis
338 2202 416 2258 aliter
432 2210 588 2274 uterentur,
605 2219 684 2275 quam
700 2203 814 2260 utendas
829 2203 995 2276 acceperint,
1011 2203 1047 2258 ita
1063 2202 1122 2258 fur·

147 2293 203 2342 tum
219 2289 398 2357 committere,
414 2289 437 2342 si
453 2304 482 2342 se
497 2288 658 2361 intellegant
672 2287 699 2343 id
714 2289 799 2344 invito
815 2288 924 2344 domino
940 2286 1029 2342 facere
1044 2303 1121 2343 eum·

147 2387 210 2442 qne,
227 2372 249 2426 si
264 2371 454 2442 intellexisset,
470 2388 525 2427 non
541 2373 751 2445 permissurum,
767 2374 835 2428 acsi
848 2373 1045 2446 permissurum
1061 2388 1120 2428 ere-

147 2453 221 2523 dant,
238 2461 314 2509 extra
329 2456 431 2510 crimen
447 2455 544 2510 videri:
567 2457 668 2528 optima
688 2473 752 2512 sane
768 2456 957 2526 distinctione,
979 2457 1041 2529 quia
1063 2455 1120 2512 fur-

109 2541 127 2589 8
146 2545 203 2592 tum
225 2538 283 2593 sine
304 2537 402 2594 affectu
422 2538 529 2593 furandi
555 2556 611 2594 non
631 2542 819 2597 committitur.
860 2541 912 2598 Sed
933 2547 961 2595 et
982 2541 1005 2594 si
1027 2541 1120 2598 credat

145 2622 258 2694 aliquis,
279 2623 364 2678 invito
385 2621 495 2678 domino
514 2640 543 2678 se
565 2640 621 2678 rem
643 2625 838 2682 commodatam
864 2624 914 2681 sibi
936 2632 1120 2696 contrectare,

145 2706 254 2763 domino
271 2715 361 2764 autern
380 2707 488 2764 volente
509 2707 535 2763 id
555 2707 617 2780 liat,
639 2709 737 2766 dicitur
751 2709 854 2766 furtum
876 2726 932 2766 nou
947 2707 1015 2764 fieri.
1048 2709 1121 2764 unde

145 2791 212 2846 illud
228 2795 380 2864 quaesitum
396 2799 448 2862 est,
464 2809 525 2848 cum
541 2793 627 2848 'fitius
642 2809 752 2850 servum
767 2794 860 2850 llaevii
875 2793 1071 2865 sollicitaverit,
1087 2801 1120 2848 ut

146 2874 273 2947 quasdam
288 2892 332 2931 res
349 2876 458 2932 domino
475 2876 627 2950 subriperet
642 2885 669 2932 et
684 2878 717 2933 ad
732 2895 794 2934 eum
809 2878 960 2953 perferret,
980 2886 1008 2933 et
1023 2895 1120 2934 servus

144 2958 171 3014 id
193 2959 225 3013 ad
247 2959 376 3014 llaevium
397 2961 559 3034 pertulerit,
579 2961 713 3034 Maevius,
735 2961 799 3018 dum
819 2963 878 3018 vult
893 2963 993 3018 Titium
1012 2964 1040 3017 in
1056 2964 1119 3036 ipso

145 3042 245 3099 delicto
262 3043 482 3117 deprehendere,
497 3047 621 3119 permisit
635 3063 714 3102 servo
730 3048 857 3120 quasdam
872 3063 915 3102 res
930 3045 963 3101 ad
979 3063 1041 3102 eum
1056 3063 1120 3120 per·

145 3127 228 3200 ferre,
244 3136 336 3184 utrum
354 3128 418 3184 furti
434 3145 467 3184 an
482 3132 552 3186 servi
567 3133 689 3204 corrupti
709 3131 807 3187 iudicio
823 3139 949 3188 teneatur
964 3131 1067 3202 fitius,
1083 3147 1118 3185 an

146 3215 263 3269 neutro?
293 3221 396 3270 etcum
412 3213 489 3270 nobis
505 3231 588 3288 super
602 3216 652 3272 hac
668 3215 835 3272 dubitatione
855 3224 1017 3290 suggestum
1033 3223 1120 3270 estet

144 3379 347 3390 ——-..-

217 3476 234 3539 ¹)
253 3479 293 3538 ἓξ.
313 3482 409 3532 6...11
426 3480 485 3542 sere
503 3499 537 3519 =
557 3479 614 3529 Gai.
633 3483 656 3539 3,
677 3483 833 3534 195...200.
852 3483 910 3544 202,
926 3484 1023 3546 partim
1040 3488 1099 3534 mut.
