2464 3916
194 227 255 292 162
490 241 525 276 un
546 241 619 278 neas
637 241 759 285 seurnru
777 228 824 291 IV,
844 231 869 281 3.

193 387 252 458 quia
273 393 301 440 et
322 385 348 440 hi
373 385 508 458 gregatim
535 393 698 458 pascuntur:
725 385 765 440 sic
791 383 908 457 denique
935 392 964 440 et
983 383 1117 440 Humerus
1138 386 1165 440 in

193 462 323 543 Odyssea¹
332 469 379 540 eit,
391 468 561 526 sieutAelius
569 469 716 525 Marcianus
724 470 751 524 in
763 461 1166 524 suistnnirnuonttuflretert:

294 561 376 643 arian
394 558 493 631 τόνγε
512 556 608 616 ονέοοι
625 557 805 630 παρήμενον·
825 559 859 615 αϊ
875 560 910 617 δὲ
927 562 1065 630 νέμονται

294 649 355 698 παρ
373 627 504 698 Κόρακος
521 628 624 700 πέτρῃ,
644 624 694 685 ἐπί
710 648 741 684 τε
759 624 850 702 κρήνῃ
866 623 1028 701 Ἀρεθούσῃ.

158 724 173 772 2
255 721 354 778 Iniuria
369 730 458 778 autem
474 721 597 778 occidere
613 721 799 796 intellegitur,
820 723 866 796 qui
886 723 963 783 nulio
982 723 1041 778 iure
1058 722 1166 778 occidit.

192 809 283 882 itaque
299 807 346 880 qui
360 806 492 863 latronem
508 805 616 878 occidit,
632 823 687 862 non
703 813 827 877 tenetur,
850 808 944 880 utique
964 808 987 862 si
1002 806 1084 864 aliter
1096 809 1169 880 peri·

160 894 175 942 3
193 892 285 950 culum
301 889 422 965 effugere
437 906 493 946 nou
508 898 608 964 potest.
639 893 677 946 Aa
692 907 726 946 ue
740 892 764 946 is
780 891 888 965 quidem
904 893 953 948 hae
967 891 1030 966 lega
1045 899 1168 962 tenetur,

193 978 240 1050 qui
255 992 319 1032 casu
334 974 443 1046 oceidit,
459 974 579 1030 simodo
594 975 672 1049 culpa
688 976 746 1030 eius
762 975 835 1031 nulia
850 977 1003 1032 invenitur:
1024 993 1087 1032 uam
1103 975 1169 1030 aliu·

194 1063 258 1134 quin
273 1077 329 1116 non
344 1060 432 1114 minus
449 1075 527 1132 quam
543 1075 576 1114 ex
587 1051 670 1116 dolo³
687 1075 718 1115 er
734 1059 812 1133 culpa
825 1062 940 1133 quisque
952 1061 1002 1117 hae
1013 1060 1077 1134 lege
1092 1067 1168 1116 terre-

159 1149 176 1196 4
194 1154 247 1201 tur.
278 1145 372 1217 ltaque
387 1145 410 1199 si
426 1145 498 1217 quis,
510 1142 574 1198 dum
589 1144 682 1200 iaculis
698 1143 768 1199 ludit
783 1145 826 1200 vei
837 1147 1010 1216 exercitatur,
1025 1154 1170 1200 transeun-

193 1238 248 1285 tem
263 1245 372 1284 servum
392 1235 471 1284 tuum
493 1229 643 1300 traderent,
664 1228 853 1302 distinguitur.
889 1245 950 1286 nam
971 1231 994 1286 si
1008 1229 1035 1283 id
1053 1230 1170 1285 amilite

194 1312 302 1387 quidem
317 1314 346 1368 in
362 1311 460 1386 Campo
475 1305 603 1382 locaue‚⁴
616 1312 660 1368 ubi
675 1313 785 1368 solitum
798 1321 840 1369 est
855 1315 1006 1385 exercitari,
1021 1313 1170 1370 admissum

194 1406 251 1469 est,
276 1397 349 1454 nulla
370 1397 449 1471 culpa
469 1398 526 1452 eius
546 1397 730 1472 intellegitur:
758 1400 780 1453 si
802 1397 869 1454 alius
889 1399 943 1454 tale
964 1399 1029 1474 quid
1050 1398 1170 1470 admisit,

195 1483 289 1556 eulpae
309 1498 373 1538 reus
394 1489 445 1537 est.
481 1481 553 1537 idem
574 1483 640 1538 iuris
663 1489 705 1537 est
725 1481 759 1537 de
779 1483 879 1554 milite,
901 1484 924 1538 si
945 1484 1010 1540 isin
1026 1484 1079 1539 elio
1095 1483 1171 1554 loco,

161 1570 176 1619 5
195 1583 274 1641 quarn
291 1567 337 1640 qui
349 1565 526 1623 exercitandis
538 1563 667 1622 militibus
679 1566 829 1622 destinatus
845 1575 897 1639 est,
913 1567 940 1622 id
956 1567 1073 1624 admisit.
1101 1568 1169 1624 item

194 1654 217 1708 si
230 1657 341 1725 putator
361 1667 394 1706 er
414 1650 510 1706 arbore
524 1651 636 1706 deiecto
659 1667 733 1707 ramo
753 1667 863 1708 servum
883 1662 961 1708 tuum
981 1660 1170 1709 transeuntem

195 1735 339 1804 occiderit,
362 1735 385 1789 si
399 1751 485 1808 prope
501 1735 567 1789 viam
588 1733 721 1808 publicam
737 1744 784 1792 aut
803 1737 941 1794 vicinalem
962 1737 989 1792 id
1011 1738 1112 1794 iactum
1129 1746 1173 1792 ert

195 1835 284 1890 neque
298 1817 501 1891 praeclamavit‚
517 1825 548 1872 ut
562 1835 640 1874 casus
656 1821 748 1876 evitari
763 1823 867 1894 possit,
883 1821 978 1894 eulpae
992 1839 1058 1878 reus
1073 1831 1131 1877 est:
1146 1824 1169 1876 si

195 1901 382 1974 praeclamavit
394 1917 483 1974 neque
498 1901 544 1956 iile
555 1904 657 1959 curavit
672 1921 775 1976 cavere,
787 1914 862 1961 extra
874 1905 978 1979 culpam
994 1916 1037 1964 est
1046 1915 1169 1981 putator.

195 2003 281 2062 aeque
296 1993 372 2042 extra
386 1985 492 2060 culpam
508 2001 567 2042 esse
581 1988 759 2062 intellegitur,
781 1991 804 2045 si
819 2007 942 2046 seorsum
957 2008 971 2046 a
987 1993 1027 2047 via
1042 1991 1117 2048 sorte
1129 1991 1170 2046 vel

195 2071 327 2128 inmediri
343 2070 427 2126 fundo
443 2070 583 2144 caedebat,
599 2071 663 2128 licet
677 2089 733 2129 non
749 2075 951 2148 praeclamavit,
974 2077 1036 2150 quia
1058 2093 1091 2132 eo
1108 2076 1172 2130 loeo

161 2157 263 2212 61111111
279 2165 408 2212 extraneo
423 2157 465 2211 ius
481 2155 570 2212 suerat
589 2157 720 2214 versandi.
758 2157 899 2216 Praeterea
920 2161 944 2215 si
964 2159 1102 2232 medicus,
1125 2162 1172 2234 qui

197 2258 303 2297 servum
320 2250 396 2297 tuum
411 2242 513 2312 secuit,
529 2240 706 2315 dereliquerit
720 2245 887 2299 curationem
908 2252 990 2318 atque
1005 2244 1039 2300 ob
1055 2245 1081 2300 id
1097 2261 1173 2300 mor·

164 2331 178 2378 1
196 2333 261 2381 tuus
277 2327 360 2381 suerit
375 2341 484 2396 servus,
506 2326 601 2399 eulpae
621 2343 684 2382 reus
705 2335 755 2383 est.
791 2327 927 2402 Imperitia
947 2344 1058 2404 quoque
1073 2329 1173 2403 eulpae

197 2409 403 2480 adnumeratur,
429 2409 513 2465 veluti
533 2411 557 2464 si
578 2411 697 2467 medicus
718 2412 780 2468 ideo
801 2429 910 2468 servum
930 2421 1008 2470 tuum
1029 2415 1174 2485 occiderit,

198 2492 272 2566 quod
287 2509 347 2548 eum
360 2493 427 2548 male
439 2494 557 2548 secuerit
570 2502 617 2548 aut
628 2513 769 2572 perperam
781 2498 805 2552 ei
817 2497 1040 2554 medicamentum
1052 2499 1172 2555 dederit.

144 2584 179 2632 .8
197 2577 301 2650 lmpetu
322 2592 431 2650 quoque
451 2577 598 2649 mularum,
620 2596 685 2652 quas
701 2582 784 2638 mulio
799 2589 914 2655 propter
927 2584 1090 2656 imperitiam
1105 2587 1174 2640 reti·

198 2677 262 2718 nere
277 2677 332 2718 non
347 2661 477 2736 potuerit,
493 2662 516 2716 si
530 2678 624 2718 servus
640 2671 704 2720 tuus
714 2682 866 2740 'oppressus
882 2665 980 2740 fuerit,
997 2669 1091 2742 eulpae
1107 2686 1175 2724 reus

184 2755 240 2802 ‘est
260 2747 352 2802 mulio.
388 2745 436 2801 sed
463 2754 490 2800 et
516 2747 539 2803 si
560 2756 674 2822 propter
696 2749 878 2806 infirmitatem
903 2754 1022 2808 retinere
1047 2769 1090 2808 eas
1115 2771 1174 2809 non

196 2833 333 2904 potuerit,
354 2847 415 2886 eum
436 2830 502 2885 alius
525 2829 628 2888 firmior
647 2837 766 2892 retinere
792 2837 942 2910 potuisset,
969 2853 1055 2912 aeque
1074 2837 1175 2911 eulpae

198 2923 316 2970 tenetur.
347 2915 440 2971 eadem
454 2914 615 2988 placuerunt
630 2918 663 2975 de
679 2937 711 2976 eo
728 2937 852 2994 quoque,
876 2923 939 2995 qui,
961 2939 1022 2978 uum
1038 2939 1111 2996 equo
1127 2939 1175 2978 ve-

198 2999 325 3070 heretur,
345 3001 475 3074 impetum
492 3003 556 3058 ,eius
578 3011 624 3058 aut
648 3013 761 3077 propter
786 3004 967 3062 infirmitatem
989 3015 1035 3062 aut
1056 3015 1177 3080 propter

163 3090 179 3138 9
199 3084 358 3158 imperitiam
373 3101 448 3139 suam
462 3087 580 3142 retinere
595 3105 649 3144 non
664 3091 793 3162 potuerit.
828 3089 876 3146 His
891 3098 980 3146 autern
996 3090 1082 3147 verbis
1100 3092 1176 3165 legis

267 3314 558 3382 1)011.1ἕ1,4011ορ.
593 3317 616 3382 ²)
638 3319 667 3372 L.
686 3321 726 3370 6⁵.
747 3321 769 3381 ἕ.
783 3324 808 3374 4.
827 3323 860 3374 D,
879 3324 911 3372 de
929 3325 976 3388 lep.
992 3325 1015 3372 1.
1052 3319 1176 3388 ³)quam

199 3397 232 3430 ex
245 3383 307 3432 delo
319 3385 413 3460 spripsi
425 3400 479 3462 pec.
497 3385 607 3447 Tdeopd.
627 3401 660 3434 ex
678 3386 740 3436 dolo
754 3403 835 3452 quem
847 3391 921 3441 codd.
935 3393 995 3440 edd.
1031 3388 1051 3456 ⁴)
1064 3394 1176 3454 scripsi.

198 3438 407 3566 ἒράρῷενὲρρμπῳ
420 3469 437 3516 η
451 3443 482 3501 ἐν
496 3443 597 3516 ἐκείνῳ
610 3450 648 3516 τῷ
667 3445 743 3522 τόπῳ
760 3455 872 3521 Tdeoplt.
915 3458 944 3506 in
964 3473 1059 3524 campo
1079 3473 1176 3522 eoque
