2484 3916
440 261 476 296 nn
495 260 611 296 renerus
630 247 653 312 I,
673 249 712 298 10.
1023 245 1063 310 15

95 417 173 473 vam,
191 417 302 458 uxorem
318 401 417 458 ducere
432 419 487 458 non
503 403 581 474 licet,
603 403 668 458 item
683 411 870 475 materteram,
892 405 953 478 quia
968 419 1064 478 paren·

94 495 154 542 tum
168 487 232 542 ioco
254 486 395 543 hahentur.
430 503 483 560 qua
504 489 609 543 ratione
629 503 722 543 verum
738 495 795 560 est,
814 506 937 563 magnam
953 505 1064 563 quoqne

95 573 202 626 amitam
219 579 246 626 et
262 579 433 626 materteram
449 587 573 645 magnam
588 572 727 645 prohiberi
750 589 861 630 uxorem
877 573 986 630 ducere.
1009 573 1063 629 nd·
1080 575 1096 625 6

95 654 206 712 finitatis
229 671 339 730 quoqne
361 657 534 712 veneratione
553 656 721 730 quarundam
741 659 843 732 nuptiis
864 657 999 715 abstinere
1013 674 1062 713 ne-

94 757 172 796 cesse
187 748 238 796 est.
277 735 313 795 ut'
327 756 389 796 ecce
409 741 560 815 privignam
581 749 627 796 aut
647 757 745 797 nurum
766 759 879 798 uxorem
893 742 992 798 ducere
1007 757 1063 798 non

93 825 170 896 iicet,
181 825 243 898 quia
254 832 386 900 utraeque
398 823 535 881 filiaeloeo
548 832 621 882 sunt.
640 826 712 900 quod
719 826 861 884 scilicetita
869 828 952 902 accipi
959 821 1062 898 dehet,¹

11 969 12 974 1
91 912 117 966 si
133 909 184 964 ruit
198 925 283 965 nurus
299 917 347 965 eut
369 910 508 984 privigne:
538 927 599 966 nam
613 912 637 966 si
652 910 740 966 adhuc
756 929 841 968 nurus
863 918 922 982 est,
938 910 965 966 id
982 918 1025 966 εει
1039 912 1064 966 si

95 993 184 1050 adhuc
198 1001 283 1068 nupta
297 1003 340 1050 est
355 992 411 1049 fflio
427 1003 492 1066 tuo,
508 994 557 1050 alia
572 997 677 1051 ratione
692 1013 805 1052 uxorem
821 1013 878 1052 eam
893 995 992 1054 ducere
1007 1011 1063 1050 non

92 1071 235 1153 poteris,²
261 1080 323 1152 quia
338 1079 431 1136 eadem
446 1078 552 1135 duobus
567 1087 651 1154 nupta
672 1097 732 1136 esse
754 1097 810 1137 non
824 1088 930 1154 potest:
960 1081 1024 1136 item
1039 1080 1063 1134 si

94 1163 185 1220 adhuc
198 1164 322 1237 privigna
337 1171 382 1220 tua
397 1172 454 1235 εει,
480 1163 508 1219 id
535 1171 577 1220 εει
604 1167 627 1220 si
652 1173 737 1221 meter
762 1167 820 1222 eius
847 1163 895 1221 tihi
910 1172 994 1238 nupta
1009 1173 1062 1235 est,

92 1248 157 1304 ideo
174 1263 359 1316 comptiorem
374 1248 473 1304 ducere
487 1265 543 1304 non
558 1251 679 1322 poteris,
695 1251 757 1323 quia
771 1250 837 1306 duas
852 1266 952 1305 uxores
968 1247 1063 1305 eodem

95 1341 219 1406 tempore
240 1331 337 1390 hahere
357 1349 413 1389 non
434 1333 506 1388 licet.
544 1333 658 1390 Socrum
676 1351 786 1409 quoque
801 1341 829 1390 et
843 1351 985 1390 novercam
999 1350 1063 1407 pro·
1082 1337 1097 1386 t

94 1416 212 1473 hibitum
227 1425 270 1473 εει
285 1433 395 1473 uxorem
418 1418 535 1489 ducere,
558 1419 620 1491 quie
640 1421 731 1475 matris
752 1418 813 1475 loco
834 1426 907 1474 sunt.
946 1417 1020 1491 quod
1036 1426 1064 1472 et

95 1505 186 1576 ipsum
206 1501 338 1557 dissoluta
361 1502 469 1558 demum
484 1501 622 1558 adfinitate
637 1503 775 1576 procedit:
802 1503 922 1575 alioquin
938 1503 961 1556 si
976 1501 1065 1556 adhuc

96 1603 213 1643 noverca
228 1595 281 1658 est,
295 1587 323 1642 id
340 1595 381 1642 εει
395 1589 418 1642 si
433 1586 521 1643 adhuc
536 1589 605 1662 patri
620 1595 669 1643 tuo
679 1596 763 1662 nupta
778 1595 837 1659 cst,
853 1587 990 1642 communi
1004 1587 1063 1640 iure

95 1671 242 1746 impeditur
255 1670 304 1726 tibi
319 1671 432 1743 nubere,
449 1669 512 1745 quie
527 1672 620 1728 eadem
635 1671 741 1728 duobus
758 1679 844 1746 nupta
858 1685 985 1727 essenon
1001 1678 1064 1743 pot·

96 1763 152 1812 est:
179 1758 244 1811 item
270 1757 293 1812 si
315 1755 402 1812 adhuc
431 1773 525 1812 socrus
547 1767 605 1829 est,
632 1757 658 1812 id
674 1765 716 1814 est
731 1759 754 1812 si
769 1757 857 1813 adhue
871 1755 926 1812 iiiia
941 1757 999 1811 eius
1015 1753 1063 1810 tibi

96 1849 182 1916 nupta
196 1849 253 1913 est,
265 1841 327 1898 ideo
342 1841 527 1916 impediuntur
541 1844 667 1916 nuptiae,
689 1843 752 1917 qnia
767 1841 833 1898 duas
850 1857 948 1918 uxores
964 1839 1063 1895 habere

96 1943 152 1983 non
167 1918 287 2000 potest
307 1925 393 1982 Mariti
408 1933 497 1982 tamen
508 1925 580 1982 iilius
596 1943 629 1983 ex
646 1926 696 1983 alia
708 1943 794 1984 uxore
810 1934 837 1982 ει
853 1927 945 1982 uxoris
961 1923 1016 1980 iilia
1029 1939 1068 1980 ex·
1081 1927 1097 1976 8

97 2011 149 2068 alio
164 2011 280 2082 marito,
302 2011 345 2066 vei
366 2018 476 2082 contra,
499 2013 698 2068 matrimonium
713 2019 788 2067 recte
804 2011 984 2080 contrahunt,
1001 2009 1065 2064 iicet

98 2095 213 2151 habeant
237 2095 349 2152 fratrem
373 2111 530 2151 sororemve
555 2112 587 2152 er
612 2097 784 2152 matrimonio
810 2102 906 2168 postea
923 2100 1063 2149 contracto

97 2189 185 2236 natos
225 2179 254 2236 Si
269 2197 339 2236 uxor
353 2188 400 2235 tue
414 2187 478 2253 post
493 2179 637 2236 divortium
658 2196 691 2236 ex
706 2180 758 2235 aiio
774 2177 855 2235 filiam
870 2177 1063 2251 procreaverit,
1082 2181 1097 2228 9

97 2267 163 2321 haec
178 2280 235 2320 non
250 2273 293 2320 εει
308 2264 417 2338 quidem
441 2265 565 2339 privigna
590 2272 650 2336 tua,
677 2263 726 2320 sed
746 2257 885 2319 Ιειίεῐιιιε4
908 2259 1064 2318 huiusmodi

97 2349 201 2424 nuptiis
216 2347 351 2405 abstinere
366 2348 464 2405 dehere
479 2350 529 2404 ait:
544 2366 606 2404 nam
621 2365 672 2406 uec
686 2364 814 2423 sponsam
826 2346 873 2403 iilii
888 2363 988 2402 nurum
1003 2361 1064 2401 esse

97 2451 147 2491 nee
172 2435 257 2508 patris
281 2435 408 2508 sponsam
432 2449 573 2491 nouercam
603 2450 680 2506 esse,
710 2435 811 2490 rectius
837 2442 926 2489 tamen
953 2439 981 2487 ει
1005 2431 1063 2485 iure

98 2519 219 2576 tacturos
234 2534 298 2590 eos,
315 2520 362 2592 qui
376 2517 532 2574 huiusmodi
546 2520 648 2592 nuptiis
663 2535 693 2574 se
702 2517 891 2574 abstinuerint.
921 2515 991 2572 illud
1006 2531 1064 2570 cer·
1083 2525 1115 2575 10

98 2612 156 2660 tum
172 2611 230 2676 εει,
242 2603 353 2659 serviles
365 2619 474 2677 quoque
485 2605 663 2678 cognationes
674 2602 866 2677 impedimento
878 2618 939 2658 esse
950 2600 1064 2674 nuptiis,

98 2691 120 2744 si
134 2691 209 2744 forte
233 2695 311 2761 pater
336 2695 364 2744 et
389 2685 443 2744 filia
469 2696 516 2742 aut
535 2687 619 2744 irater
639 2694 667 2744 ει
687 2704 768 2744 soror
782 2687 938 2742 manumissi
952 2683 1063 2740 suerint.

98 2773 168 2828 Sunt
183 2780 212 2828 et
228 2772 292 2828 aliae
307 2787 456 2846 personae,
477 2787 546 2846 quae
561 2780 675 2846 propter
690 2771 807 2828 diversas
823 2772 941 2826 rationes
957 2767 1064 2842 nuptias
1083 2770 1114 2819 ιι

69 2897 71 2902 -
98 2857 259 2914 contrahere
280 2855 473 2929 prohihentur,
501 2873 567 2930 quas
588 2858 616 2912 in
637 2855 712 2912 lihris
733 2856 903 2931 digestorum
930 2869 980 2909 seu
1000 2867 1065 2926 pan·

97 2941 238 2998 doctarum
254 2957 287 2996 en
302 2943 387 2997 veteri
400 2941 458 2996 iure
474 2941 646 2998 collectarum
662 2942 813 2998 enumerari
828 2940 1007 3014 permisimus.

164 3019 217 3082 ⁵Si
232 3025 360 3082 adversus
376 3042 422 3098 ea,
438 3042 506 3100 qnae
522 3026 646 3098 diximus,
662 3026 744 3101 aliqui
755 3026 881 3097 coierint,
896 3041 947 3081 nec
962 3025 1002 3078 vir
1016 3037 1066 3078 nec
1085 3025 1116 3072 12

166 3207 187 3275 ¹)
208 3207 310 3259 debeat
327 3209 373 3258 atii
389 3209 463 3258 codd.
482 3207 542 3257 edd.
561 3206 635 3260 Schr.
659 3214 685 3257 ει
702 3207 753 3256 Kr.
789 3205 845 3257 Sed
861 3206 995 3258 dubitandi
1009 3205 1066 3268 for-

95 3294 151 3328 mae
169 3278 212 3327 Ιιιε
230 3279 299 3326 etin
320 3275 481 3342 sequentihus
502 3278 597 3326 notatis
618 3277 758 3334 absurdae,
783 3277 833 3326 nisi
854 3271 1005 3341 εἰρωνείαν
1018 3272 1067 3320 ad-

95 3347 182 3398 mittas
200 3361 282 3410 aeque
299 3343 445 3394 absurdam.
482 3343 523 3405 Os.
543 3343 600 3397 Gai.
621 3343 733 3408 Theoph.
752 3351 778 3393 et
794 3344 819 3404 §.
838 3345 862 3396 7.
936 3339 957 3402 ²)
976 3339 1066 3404 possis

95 3415 142 3465 atii
160 3415 237 3466 codd.
258 3419 284 3462 et
301 3414 361 3462 edd.
381 3410 455 3462 Schr.
474 3417 500 3462 et
517 3411 568 3462 Kr.
626 3410 649 3480 ³)
669 3411 759 3478 possis
776 3412 892 3476 plerique
910 3409 987 3458 codd.
1006 3407 1065 3456 edd.

95 3482 172 3536 θοὴν.
191 3489 218 3532 et
234 3481 286 3534 Kr.
388 3477 410 3546 4)
434 3481 478 3544 Os.¹
492 3481 524 3530 L.
545 3483 585 3534 12.
610 3480 633 3542 6.
652 3485 676 3533 3.
694 3481 728 3528 1).
751 3479 844 3530 derit.
863 3481 933 3538 nupt.
953 3470 1009 3538 (⁸23,
1029 3471 1065 3534 3).

93 3547 115 3616 5)
132 3551 233 3616 partim
250 3569 284 3590 =
303 3549 360 3602 Gai.
378 3551 401 3609 1,
421 3551 463 3599 64.
