2464 3916
205 207 266 270 110
357 223 393 257 nn
413 221 684 258 senarusconsutro
705 223 903 258 rnnruutrano
922 209 972 264 111,
991 211 1016 258 3.

204 363 274 422 salius
291 365 330 420 vel
348 363 400 419 filia
413 365 561 438 opponitur
576 381 608 418 ex
624 363 864 420 constitutionibus
880 365 958 419 matri
974 363 1120 435 deiunctae,
1132 366 1150 420 id

203 458 245 504 est
265 451 336 504 aviae
358 465 431 504 suae.
469 457 545 520 pater
566 465 676 522 quoque
698 450 853 521 utriusque,
871 465 926 504 non
942 449 1021 504 etiam
1044 465 1105 505 avus
1121 451 1151 504 rel

202 550 318 606 proavus
336 535 412 588 matri
422 535 607 606 anteponitur,
620 533 722 589 scilicet
734 551 795 589 curn
810 535 881 588 inter
896 550 944 590 eos
956 533 1030 588 solos
1045 532 1078 588 de
1093 535 1152 589 here·

202 618 285 673 ditate
301 619 399 691 agitur.
431 617 515 672 irater
529 627 619 673 autern
635 620 852 692 consanguineus
868 627 921 673 tam
942 615 991 672 filii
1006 635 1086 691 quam
1100 616 1153 674 filiae

202 701 359 758 excludebat
380 710 507 757 matrem:
534 719 614 758 soror
639 711 728 757 autem
754 703 954 776 consanguinea
980 703 1083 775 pariter
1107 719 1153 757 cun

202 795 287 842 matre
303 786 506 842 admittebatur:
529 787 576 842 sed
592 787 718 842 siluerat
734 787 817 842 irater
837 796 865 843 et
879 803 960 842 soror
974 789 1154 860 consanguinei

202 881 229 926 et
245 880 330 928 mater
351 869 440 926 liberis
463 872 611 942 honorata,
634 873 717 927 irater
737 871 844 944 quidem
866 881 979 926 matrem
1001 871 1153 942 excludebat,
1209 863 1210 906 l

203 957 352 1011 communis
374 964 464 1010 autern
484 965 542 1012 erat
568 955 702 1011 hereditas
729 973 761 1011 ex
782 957 874 1028 aequis
900 955 1022 1028 partibus
1043 957 1117 1011 fratri
1134 966 1153 1011 et

167 1048 183 1096 4
201 1042 298 1096 sorori.
329 1039 382 1095 Sed
397 1057 448 1096 nos
463 1035 688 1111 constitutione‚¹
706 1057 784 1114 qnam
801 1042 828 1095 in
840 1040 932 1096 codice
948 1048 1045 1096 nostro
1061 1043 1154 1096 nornine

201 1125 328 1180 decorato
349 1126 505 1197 posuimus,
532 1127 610 1180 matri
635 1124 847 1180 subveniendum
869 1142 928 1180 esse
949 1126 1154 1195 existimavimus,
1209 1191 1210 1196 ἵ

202 1211 378 1282 respicientes
399 1209 431 1263 ad
452 1219 574 1265 nattrram
595 1218 622 1265 et
643 1212 814 1283 puerperium
837 1219 864 1266 et
879 1209 1030 1284 periculum
1046 1219 1074 1265 et
1089 1228 1154 1284 saepe

201 1301 315 1349 mortem
336 1310 368 1350 ea
388 1294 440 1348 boc
460 1311 523 1350 casu
544 1294 672 1350 matribus
692 1294 803 1350 illatam.
839 1294 956 1367 ideoque
977 1296 1087 1368 impium
1108 1312 1154 1350 esse
1208 1303 1210 1350 ἰ

200 1377 376 1450 credidimus,
399 1396 490 1433 casum
510 1380 653 1434 fortuitum
672 1381 700 1434 in
721 1381 778 1435 eius
799 1379 902 1434 admitti
923 1379 1125 1436 detrimentum:
1138 1381 1154 1433 si

200 1463 270 1518 enim
285 1465 402 1537 ingenua
418 1471 461 1518 ter
475 1464 516 1518 vel
532 1463 657 1518 libertina
672 1474 768 1537 quater
782 1481 836 1519 nou
853 1457 1019 1537 pepererit,²
1034 1465 1154 1519 immerite

200 1547 408 1604 defraudabatur
423 1550 596 1604 successione
618 1565 730 1604 suorum
745 1547 907 1616 liberorum3
929 1548 993 1620 quid
1015 1550 1084 1604 enim
1104 1565 1154 1621 pec·
1209 1571 1210 1574 ¹

200 1634 278 1702 cavit,
294 1634 317 1686 si
332 1650 387 1688 non
402 1631 505 1706 plures,
521 1633 569 1688 sed
585 1650 684 1706 paucos
697 1633 849 1706 pepererit?
866 1641 892 1688 et
904 1631 1026 1687 dedimus
1041 1634 1083 1688 ius
1098 1633 1154 1706 legi·
1209 1667 1210 1676 a

199 1717 293 1770 timum
315 1717 424 1788 plenum
446 1716 575 1772 matribus
596 1719 652 1772 sive
667 1719 794 1790 ingenuis
809 1718 865 1772 sive
880 1715 1028 1788 libertinis,
1046 1719 1095 1772 etsi
1108 1732 1153 1784 noo

199 1807 241 1854 ter
261 1802 354 1856 enixae
375 1801 474 1856 suerint
497 1802 537 1858 vel
558 1808 669 1874 quater,
690 1801 739 1856 sed
760 1817 821 1856 eum
844 1810 947 1856 tantum
969 1801 1010 1856 vel
1026 1817 1096 1872 eam,
1115 1802 1154 1872 qni

200 1900 300 1956 quaeve
315 1894 402 1941 morte
417 1887 560 1959 intercepti
575 1894 653 1956 sunt⁷
677 1894 706 1940 ut
722 1887 803 1940 etsie
819 1893 949 1942 vocentur
970 1887 997 1940 in
1020 1886 1153 1941 liberorum

164 1975 180 2024 5
198 1985 309 2024 suorum
325 1971 471 2044 legitimam
485 1973 695 2026 successionem.
727 1969 779 2025 Sed
794 1987 855 2025 cum
868 1977 945 2026 antea
956 1971 1154 2026 constitutiones
1208 1977 1209 1994 ³

197 2055 255 2108 iura
269 2055 387 2129 legitima
408 2064 609 2128 perscrutantes
630 2057 727 2128 partim
747 2063 858 2110 matrem
874 2053 1049 2126 adiuvabant,
1068 2055 1154 2128 partim

198 2155 253 2194 eam
271 2139 480 2214 praegravabant
495 2149 521 2195 et
537 2157 592 2196 nou
606 2143 634 2196 in
648 2139 764 2196 solidum
780 2155 838 2194 eam
850 2138 990 2210 vocabant,
1005 2140 1052 2195 sed
1068 2142 1093 2194 in
1104 2139 1155 2211 qui·

196 2222 308 2280 busdam
325 2225 430 2281 casibus
447 2227 551 2280 tertiam
566 2233 671 2298 partem
687 2225 710 2280 ei
726 2223 912 2280 abstrahentes
933 2225 1015 2280 certis
1037 2223 1155 2300 legitimis

197 2307 294 2364 dabant
314 2311 455 2382 personis,
476 2311 504 2363 i'n
526 2310 584 2364 aliis
605 2318 693 2365 autem
709 2309 874 2365 eontrarium
895 2307 1040 2364 iaciebant:
1065 2300 1156 2364 nobis³
1207 2335 1208 2392 t

197 2393 283 2446 visum
299 2402 356 2464 est,
373 2401 447 2449 recta
462 2401 489 2447 et
503 2394 618 2466 simplici
634 2395 674 2449 via
690 2402 802 2450 matrem
818 2392 941 2464 omnibus
958 2393 1083 2468 legitimis
1098 2407 1156 2464 per·
1207 2393 1208 2400 ’

197 2477 271 2531 sonis
293 2479 419 2550 anteponi
440 2486 467 2532 et
488 2478 545 2532 sine
566 2478 619 2533 ulla
640 2479 823 2534 deminutione
843 2478 961 2534 liliorum
977 2494 1086 2534 suorum
1101 2493 1157 2532 suc·

198 2562 348 2616 cessionem
360 2563 490 2634 accipere,
506 2571 618 2636 excepta
632 2563 723 2619 fratris
735 2570 763 2618 et
778 2565 881 2618 sororis
893 2580 1020 2636 persona,
1033 2564 1086 2618 sive
1097 2578 1159 2617 con·

196 2648 338 2720 sanguinei
352 2648 407 2702 sint
422 2648 477 2702 sive
493 2647 551 2702 sola
566 2649 737 2721 cognationis
750 2649 808 2702 iura
824 2647 968 2720 habentes,
990 2658 1022 2703 ut
1037 2645 1158 2722 quemad-

196 2731 304 2788 modum
320 2747 377 2787 eam
394 2740 453 2788 toto
468 2732 519 2788 alio
536 2732 624 2787 ordini
638 2733 760 2804 legitimo
776 2734 996 2806 praeposuimus,
1017 2735 1055 2788 ita
1069 2747 1158 2787 omnes

196 2815 294 2872 tratres
316 2826 343 2872 et
364 2833 489 2886 sorores,
512 2817 568 2871 sive
588 2815 702 2889 legitimi
723 2818 779 2871 sint
799 2818 940 2888 smenon,
968 2817 1000 2872 ad
1021 2814 1158 2890 capiendas

196 2900 358 2956 hereditates
374 2901 453 2956 simul
470 2915 606 2970 vocemus,
621 2902 658 2954 ita
672 2909 761 2956 tamen
778 2909 817 2972 ut,
834 2903 855 2956 si
872 2901 980 2974 quidem
996 2903 1070 2957 solae
1085 2914 1159 2955 soro·
1205 2961 1206 2968 ἶ

155 2997 158 3002 ·
194 3000 237 3038 res
253 2992 384 3057 cognatae
405 2985 447 3040 vel
461 2984 591 3057 adgnatae
611 2993 639 3039 et
653 2994 738 3040 mater
757 2984 877 3040 defuncti
897 2985 939 3041 vel
960 2985 1102 3042 deiunctae
1116 3000 1161 3039 su-

195 3069 309 3141 persint,
325 3069 457 3124 dimidiam
475 3069 582 3142 quidem
597 3076 691 3139 mater,
707 3069 816 3124 alteram
829 3086 892 3126 vero
909 3069 1043 3125 dimidiam
1058 3077 1160 3144 partem

195 3169 289 3209 ornnes
304 3169 413 3208 sorores
436 3153 565 3225 habeant,
587 3155 610 3207 si
632 3171 695 3208 vero
711 3162 796 3209 matre
811 3157 958 3228 superstite
979 3164 1007 3212 et
1022 3154 1105 3210 tratre
1121 3149 1160 3204 vel

195 3237 323 3294 fratribus
339 3238 403 3293 solis
420 3238 461 3292 vel
477 3240 556 3293 etiam
572 3254 632 3293 eum
648 3237 788 3294 sororibus
810 3240 866 3295 sive
886 3240 1008 3314 legitima
1029 3242 1084 3296 sive
1105 3235 1160 3293 sola
1204 3309 1205 3326 Χ

1204 3347 1205 3374 l

265 3434 283 3496 ¹)
303 3436 335 3485 L.
355 3438 379 3484 2.
394 3436 420 3484 C.
439 3437 471 3484 de
488 3437 544 3485 iure
561 3437 603 3486 tto.
623 3434 661 3497 (8,,
677 3435 711 3485 58
727 3439 761 3484 al.
780 3433 832 3501 59).
901 3436 921 3498 ²)
940 3437 994 3485 BT
1009 3438 1119 3501 peperit
1135 3432 1161 3481 E
1204 3385 1205 3463 l

196 3504 255 3552 edd.
275 3499 348 3549 Sclrr.
369 3509 393 3550 et
410 3501 460 3550 Kr.
529 3501 549 3565 3)
569 3505 601 3554 L.
621 3505 645 3552 7.
666 3502 694 3554 0.
732 3503 811 3552 ese.
834 3503 1060 3566 tertultiano).
