2464 3916
230 251 233 257 Ι
258 207 293 240 on
314 207 370 250 ms,
391 206 445 242 ran
464 206 535 250 Quos
553 205 645 242 aaran
665 207 810 244 rossunus
829 193 876 256 lV,
897 195 937 262 10.
967 229 969 236 ,
1024 191 1084 256 185

111 353 207 420 potest
228 347 324 404 animal
346 349 469 404 iniuriam
490 347 588 404 iecisse
608 347 676 420 dici,
700 347 773 422 quod
793 365 877 406 sensu
899 357 980 406 caret.
1021 351 1085 408 haec

111 431 188 505 quod
203 431 236 486 ad
251 431 375 488 noralem
391 433 524 488 actionem
542 432 669 506 pertinet.
683 503 685 508 ι

177 514 303 572 Ceterum
317 515 456 572 sciendum
471 525 523 588 est,
540 516 658 572 aedilitio
669 515 758 574 edicto
766 517 901 591 prohiberi
914 534 964 574 nos
980 535 1083 590 canem,
1103 523 1115 570 t

109 615 233 670 verrem,
249 617 359 674 aprum,
375 617 484 672 ursum,
500 601 607 658 leonem
622 600 658 656 ibi
675 599 788 672 habere,
805 619 857 674 qua
871 603 955 677 vulgo
970 604 1023 659 iter
1038 603 1082 658 lit:

110 691 139 740 et
155 685 179 739 si
194 683 322 742 adversus
346 681 377 740 ea'
397 684 499 741 iactum
524 687 576 742 erit
598 693 625 741 et
646 687 767 741 nocitum
793 686 896 742 homini
915 686 1000 744 libero
1022 704 1083 744 esse

109 767 234 840 dicetur,
251 767 325 842 quod
339 768 440 826 bonnm
462 777 490 825 et
503 785 619 844 aequum
633 769 714 826 iudici
729 769 851 842 videtur,
874 771 942 826 tanti
957 771 1082 829 dominus

108 852 322 924 condemnetur,
347 860 500 910 ceterarum
524 871 633 925 rerum,
659 855 752 929 quanti
773 854 899 911 damnum
923 854 1015 927 datum
1035 858 1082 930 sit,

104 936 197 1012 dupli.
227 943 336 1012 praeter
361 937 407 994 lras
433 946 523 994 antem
548 938 680 994 aedilicias
707 939 827 996 actiones
849 946 876 996 et
897 939 930 996 dc
955 941 1083 1014 pauperie

108 1021 202 1077 locum
219 1021 341 1078 habehit:
367 1016 527 1096 ¹numquam
549 1025 618 1079 enim
640 1025 758 1080 actiones
779 1025 939 1098 praesertim
954 1025 1082 1098 poenales

110 1106 146 1162 de
162 1106 255 1164 eadem
270 1123 300 1164 re
315 1115 509 1164 concurrentes
525 1107 574 1163 alia
590 1107 668 1164 aliam
682 1110 827 1164 consumit.

544 1355 600 1396 TIT.
614 1355 643 1396 X.

240 1475 290 1524 on
307 1473 381 1541 me,
400 1449 473 1526 r'nn
492 1474 589 1540 Quos
607 1453 736 1540 necno
749 1473 950 1526 rossanus.
990 1488 993 1492 ·
1077 1437 1079 1442 ’

169 1606 186 1646 '²
199 1614 275 1670 Nunc
290 1613 450 1671 admonendi
466 1630 575 1686 sumus,
599 1629 680 1688 agere
695 1630 779 1688 posse
803 1613 951 1688 quemlibet
966 1621 1012 1670 aut
1027 1631 1078 1672 suo
1096 1627 1130 1668 rr.

39 1763 41 1766 ¹
108 1699 280 1755 nomineant
295 1698 394 1756 alieno.
431 1697 518 1754 alieno
534 1697 618 1754 veluti
633 1700 840 1772 procuratorio,
861 1700 981 1770 luterio,
1003 1715 1079 1756 cura-

110 1784 199 1855 torio‚
226 1797 287 1838 oum
312 1781 375 1838 olim
400 1783 429 1839 in
455 1799 507 1839 usu
533 1782 644 1853 luisset,
671 1783 782 1840 alterius
806 1785 914 1840 nomine
930 1799 1010 1858 agere
1026 1801 1080 1840 non

109 1883 191 1942 posse
203 1867 257 1923 nisi
272 1883 322 1941 pro
344 1867 462 1942 populo,
488 1885 539 1942 pro
564 1867 702 1939 libertate,
729 1885 780 1942 pro
802 1868 895 1926 tutela.
941 1875 1081 1942 practerea

109 1953 172 2026 lege
187 1951 301 2008 Hostilia
326 1953 488 2025 permissum
509 1960 552 2008 est
573 1952 638 2007 furti
663 1969 745 2026 agere
771 1969 866 2010 eorum
881 1954 1006 2022 nomine,
1033 1955 1080 2026 qui
1166 1986 1167 1990 =

109 2035 180 2112 apud
195 2035 290 2092 hostes
311 2043 403 2092 essent
426 2042 472 2090 aut
497 2035 679 2110 reipublicae
705 2053 789 2092 causa
807 2035 932 2092 abessent
953 2037 1032 2109 quive
1052 2039 1079 2091 in

109 2135 204 2178 eorum
220 2121 297 2176 cuins
320 2119 404 2176 tutela
425 2127 526 2176 essent.
564 2128 592 2176 et
607 2121 670 2193 quia
685 2121 737 2176 hoc
752 2136 808 2176 non
829 2121 963 2176 minimam
978 2121 1079 2176 incom-

109 2205 265 2262 moditatem
291 2203 420 2276 habebat,
447 2203 520 2276 quod
545 2204 633 2260 alieno
658 2205 767 2260 nomine
792 2218 882 2278 neque
896 2220 976 2277 agere
991 2219 1080 2277 neque

108 2291 232 2364 excipere
246 2290 380 2345 actionem
394 2286 506 2358 licebat,
523 2297 672 2362 coeperunt
687 2288 810 2344 homines
825 2303 874 2362 per
888 2295 1079 2362 procuratores

107 2373 236 2448 litigare:
262 2389 323 2429 ctam
349 2381 378 2429 et
403 2372 514 2429 morbus
542 2379 570 2428 et
595 2379 666 2428 actas
689 2380 716 2428 et
730 2373 881 2429 necessaria
895 2368 1078 2447 peregrinatio

107 2460 228 2532 itemque
255 2458 322 2514 aliae
348 2458 447 2513 multae
473 2473 570 2514 causae
592 2473 675 2531 saepe
701 2457 894 2532 impedimento
920 2455 1000 2528 sunt,
1023 2473 1078 2530 quo

108 2544 197 2598 minus
212 2557 270 2598 rem
285 2558 362 2597 suam
377 2543 429 2616 ipsi
444 2543 555 2616 exsequi
571 2543 685 2616 possint.
714 2541 879 2598 Procurator
893 2558 982 2616 neque
997 2543 1077 2597 certis
1099 2547 1111 2596 t

109 2625 197 2683 verbis
212 2639 302 2700 neque
317 2633 461 2700 praesente
475 2626 642 2696 adversario,
658 2627 740 2682 immo
757 2626 918 2700 plerumque
934 2627 1079 2699 ignorante

109 2727 141 2767 eo
162 2711 353 2766 constituitur:
388 2711 551 2784 cuicumque
571 2712 641 2766 enim
659 2711 817 2784 'permiseris
837 2725 894 2764 rem
910 2717 983 2765 tuam
998 2725 1079 2783 agere

107 2802 154 2851 aut
170 2793 326 2866 defendere,
342 2795 364 2850 is
376 2802 538 2868 procurator
548 2794 726 2868 intellegitur.
751 2787 886 2850 ³Tutores
898 2801 926 2850 et
938 2801 1076 2850 curatores
1096 2800 1111 2848 2

107 2878 334 2954 quemadmodum
349 2879 568 2950 constituuntur,
584 2880 671 2953 primo
687 2877 756 2934 libro
772 2879 925 2952 expositum
941 2885 991 2934 est.

107 3197 110 3204 .
178 3127 995 3228 ¹)2L.130.D.uerep.tor.(50,tileaeeod.dtp.t.
1058 3159 1078 3223 a)

107 3233 163 3280 init.
182 3231 240 3292 fere
258 3249 292 3271 ·-·
312 3229 368 3280 Gai.
386 3230 410 3288 4,
426 3227 471 3278 82.
541 3225 561 3291 Ι)
577 3229 635 3292 sere
653 3249 686 3268 =
706 3228 762 3279 Gai.
780 3231 804 3288 4,
824 3229 865 3280 85.
