2486 3916
517 237 552 272 mr
571 237 692 274 nronrrs
711 223 748 286 11,
768 225 809 275 20.

606 407 663 448 r1r.
676 405 727 447 xx.

544 512 595 560 Du
613 511 782 564 tuentia.

130 647 165 688 m.
253 627 338 690 ¹Post
364 634 429 690 haec
456 632 591 689 videamus
618 632 651 689 de
676 633 783 707 legatis.
833 649 902 708 quae
916 649 978 706 pars
993 633 1060 688 iuris
1078 641 1154 688 extra

181 719 352 794 propositam
376 717 485 792 quidem
506 718 646 774 materiam
669 717 789 773 videtur:
815 735 876 773 nam
899 717 1039 792 loquimur
1059 717 1153 773 dehis

181 805 248 860 iuris
264 802 376 878 figuris,
399 801 496 876 quihus
517 819 566 876 per
588 803 789 858 universitatem
804 819 848 858 res
864 801 942 858 nobis
958 801 1150 876 adquiruntur.

182 889 230 946 scd
252 905 313 946 cum
336 888 445 943 omnino
472 886 505 942 dc
527 887 696 943 testamentis
716 886 804 961 deque
820 884 979 958 heredibus,
1005 889 1053 961 qui
1069 893 1154 942 testa·

182 981 274 1030 mento
300 972 498 1041 instituuntur,
523 970 609 1027 locuti
629 988 738 1043 sumus,
764 987 820 1028 non
843 972 902 1027 sine
929 987 1008 1028 causa
1023 973 1153 1046 sequenti

183 1059 244 1114 loco
260 1063 352 1132 potest
368 1055 455 1112 haec'
447 1054 513 1110 ruris
529 1057 639 1112 materia
654 1016 771 1112 tractalri.

149 1158 163 1204 1
246 1142 378 1215 Legatum
400 1141 491 1212 itaque
515 1147 557 1196 est
576 1141 687 1197 donatio
709 1139 838 1214 quaedam
860 1158 874 1195 a
894 1139 1024 1196 defuncto
1046 1139 1150 1196 relicta.

148 1236 164 1284 2
183 1225 238 1282 Sed
253 1225 317 1281 olim
334 1225 442 1298 quidem
458 1233 535 1280 erant
549 1225 702 1299 legatorum
717 1241 818 1299 genera
835 1233 978 1300 quattuor:
1000 1242 1051 1299 per
1067 1225 1152 1280 vindi·

182 1312 325 1382 eatiouem,
340 1327 390 1384 per
404 1309 610 1380 damnationem,
626 1309 730 1366 sinendi
745 1308 837 1381 modo,
853 1325 903 1384 per
917 1311 1151 1383 praeceptionem:

182 1401 210 1452 et
225 1403 299 1452 certa
325 1393 454 1469 quaedam
482 1393 562 1449 verba
588 1397 686 1470 cuique
709 1395 804 1470 generi
831 1393 985 1469 legatorum
1009 1393 1151 1468 adsignata

184 1487 275 1551 eraut,
290 1496 340 1554 per
355 1495 422 1554 quae
438 1477 545 1553 singula
560 1495 661 1553 genera
676 1479 831 1553 legatorum
846 1477 1079 1552 significabantur.
1104 1478 1152 1532 sed
1226 1499 1227 1518 t

183 1581 215 1620 ex
231 1563 472 1621 constitutionibus
493 1564 615 1620 divorum
636 1564 788 1638 principum
810 1562 976 1618 sollemnitas
993 1562 1150 1619 huiusmodi

183 1649 327 1706 verborum
338 1650 448 1722 penitus
464 1647 568 1704 sublata
580 1656 631 1703 est.
657 1655 751 1704 nostra
762 1649 851 1703 autem
862 1641 1055 1718 constitutio,²
1071 1664 1151 1722 quam

183 1749 244 1788 cum
259 1749 356 1805 magna
371 1731 482 1787 lecimus
498 1731 695 1804 lucubratione,
711 1731 902 1789 detunctorum
918 1733 1073 1790 voluntates
1089 1731 1151 1786 vali·

184 1815 274 1872 diores
290 1831 349 1870 esse
370 1816 511 1889 cupientes
536 1821 564 1871 et
584 1833 639 1871 non
661 1815 765 1888 verbis,
786 1817 834 1874 sed
849 1815 1034 1874 voluntatibus
1055 1833 1151 1872 eorum

184 1900 320 1971 faventes,
336 1899 485 1973 disposuit,
502 1907 533 1955 ut
549 1899 672 1956 omnihus
688 1901 785 1976 legatis
807 1919 859 1958 una
873 1903 909 1958 sit
924 1909 1020 1958 natura
1036 1909 1075 1973 et,
1092 1903 1152 1975 qui·

184 1983 454 2060 buscumqueverhis
480 1983 580 2059 aliquid
607 1985 766 2042 derelictum
789 1987 839 2058 sit,
864 1985 943 2043 liceat
969 1986 1107 2060 legatariis
1121 1985 1151 2042 id

183 2071 311 2144 persequi
326 2087 382 2126 non
398 2068 486 2126 solum
501 2087 552 2145 per
566 2071 686 2126 actiones
701 2071 875 2144 personales,
897 2071 945 2127 sed
961 2073 1042 2127 etiam
1056 2088 1109 2145 per
1123 2073 1152 2126 in

183 2173 240 2212 rem
256 2163 284 2211 et
298 2173 348 2230 per
362 2156 596 2230 hypothecariam:
611 2155 688 2211 cuius
700 2157 903 2212 constitutionis
913 2172 1078 2230 perpensum
1095 2174 1152 2211 mo-

150 2255 166 2303 3
184 2240 247 2295 dum
264 2241 396 2314 exipsius
413 2248 508 2296 tenore
522 2239 719 2313 perfectissime
734 2241 854 2314 accipere
869 2239 1000 2314 possibile
1015 2249 1067 2296 est.
1099 2239 1152 2296 Sed

184 2340 240 2379 non
255 2341 342 2397 usque
357 2323 390 2379 ad
405 2341 463 2379 eam
477 2325 701 2380 constitutionem
712 2323 837 2380 standum
853 2341 913 2381 esse
928 2326 1149 2381 existimavimus.

184 2423 245 2462 cum
261 2409 332 2463 enim
347 2407 535 2482 antiquitatem
557 2409 706 2464 invenimus
726 2409 815 2484 legata
838 2409 946 2484 quidem
970 2409 1067 2466 stricte
1088 2427 1151 2466 con·

184 2490 355 2564 eludentem,
381 2489 593 2548 fideicommissis
620 2500 727 2565 autern,
754 2509 823 2568 quae
849 2510 882 2548 er
908 2494 1050 2550 voluntate
1066 2496 1152 2568 magis

184 2575 383 2633 descendebant
397 2575 604 2650 defunctorum,
624 2579 798 2653 pinguiorem
812 2585 935 2634 naturam
950 2577 1151 2653 indulgentem,
1227 2571 1228 2630 l

184 2662 363 2719 necessarium
379 2679 438 2718 csse
454 2655 598 2718 duximus³
622 2664 711 2719 omnia
731 2663 820 2736 legata
842 2662 1058 2719 fideicommissis
1075 2681 1152 2719 erae-

185 2763 283 2820 quare,
301 2755 330 2803 ut
345 2747 420 2804 nulla
433 2749 470 2804 sit
483 2749 556 2802 inter
570 2763 601 2802 ea
616 2747 780 2818 differentia,
796 2747 844 2804 sed
861 2747 934 2821 quod
949 2747 1028 2804 deest
1042 2749 1152 2823 legatis,
1227 2803 1228 2806 ,

184 2832 238 2886 hoo
251 2831 391 2905 repleatur
411 2849 444 2888 ex
458 2839 554 2887 natura
568 2829 838 2888 fideicommissorum
854 2841 896 2904 et,
917 2834 940 2888 si
956 2832 1021 2906 quid
1037 2834 1152 2907 amplius

185 2921 228 2969 est
243 2916 270 2970 in
285 2915 400 2988 legatis,
421 2931 471 2989 per
491 2917 544 2972 hoc
559 2923 662 2972 crescat
678 2913 880 2973 fideicommissi
900 2925 1005 2972 natura,
1045 2917 1095 2973 sed
1118 2934 1151 2974 ne

185 2999 212 3053 in
227 2999 321 3071 primis
336 2999 428 3073 legum
440 2999 579 3056 cunabulis
594 3001 727 3074 permitte
742 2999 826 3056 dehis
842 3000 1003 3075 exponendo
1019 2999 1151 3058 studiosis

185 3081 403 3139 adulescentibus
427 3084 560 3158 quandam
581 3083 783 3141 introducamus
813 3083 1018 3157 difficultatem,
1053 3098 1152 3160 operae

183 3167 302 3241 pretium
317 3183 378 3223 esse
393 3168 534 3240 duximus,
560 3170 668 3225 interim
694 3171 837 3244 separatim
859 3171 936 3246 prius
956 3169 990 3226 de
1005 3129 1108 3256 legatis
1123 3180 1152 3227 et

184 3259 280 3324 postea
304 3251 337 3308 de
358 3213 570 3310 fideicommissis
587 3262 716 3326 tractare,
743 3262 774 3311 ut
799 3263 896 3314 natura
922 3251 1092 3328 utriusque
1085 3257 1152 3312 ruris

185 3385 388 3394 -ι-----

254 3446 326 3515 ¹)=
345 3449 400 3501 Gai.
419 3452 444 3516 2,
458 3451 516 3502 191.
602 3447 675 3513 ²)L.·
695 3454 723 3503 1.
737 3452 766 3503 0.
792 3467 877 3502 comm.
905 3454 937 3503 de
966 3455 1014 3517 leg.
1040 3450 1076 3520 (6,
1095 3450 1154 3524 43)

184 3515 422 3578 ³)..L2Geod
