2464 3916
227 233 263 266 nn
284 231 555 267 sanaruscossunno
576 231 748 267 onrmnrauo
768 218 862 279 111‚4.
974 217 1032 280 111

81 375 234 448 cognationis
249 375 307 428 iura
324 373 482 430 habentibus
498 375 641 428 intestatus
664 375 723 446 quis
740 374 781 429 vel
795 375 922 430 intestata
939 376 1033 429 moria·

81 469 125 530 tur,
139 460 162 512 in
178 460 264 531 capita
280 457 456 512 distribuatur
478 459 535 514 eius
555 457 699 512 hereditas.
737 458 789 513 Sed
807 457 1031 531 quemadmodum
1050 466 1065 514 6

79 561 119 598 nos
133 542 258 598 matribus
275 544 478 616 prospeximus,
499 543 534 598 ita
557 558 601 596 eas
617 550 728 614 oportet
742 559 806 597 suae
827 542 916 598 suboli
936 560 1034 598 consu-

78 629 136 682 lere:
151 620 258 684 scituris
274 629 323 697 eis,
340 627 430 700 qnod,
451 628 474 682 si
496 635 602 682 tutores
617 625 709 682 liberis
730 644 785 682 non
806 629 934 699 petierint
950 627 991 683 vel
1006 629 1033 682 in

77 713 153 767 locum
169 713 266 767 remoti
281 712 323 767 vel
339 713 458 766 excusati
478 713 548 766 intra
564 727 663 766 annum
683 719 778 784 petere
794 711 979 784 neglexerint,
1001 711 1032 766 ab

76 813 157 852 eornm
173 795 342 870 impuberum
357 797 529 851 morientium
551 795 723 852 successione
744 797 840 852 merito
856 796 1031 868 repellentur.

75 880 139 936 licet
154 888 243 936 autem
264 881 347 955 vulgo
369 882 507 953 quaesitus
524 882 559 935 sit
580 879 650 936 lilius
673 878 774 951 filiave,
797 888 889 954 potest
910 880 943 934 ad
964 879 1066 936 bona't

76 967 124 1020 eins
138 973 223 1020 mater
238 981 270 1020 er
286 965 451 1022 Tertulliano
467 964 704 1021 senatusconsulto
719 965 832 1020 admitti.
1151 951 1157 962 ⁸

494 1163 552 1202 TIT.
565 1163 605 1204 IV.

202 1267 252 1315 DE
273 1265 634 1318 SENATUSCONSULTO
654 1265 891 1318 ORPHITIANO.

129 1389 177 1444 Per
197 1391 361 1445 contrarium
383 1397 472 1445 autem
496 1396 524 1444 nt
544 1388 620 1444 liberi
642 1388 674 1443 ad
696 1388 764 1444 bona
786 1397 901 1444 matrum
920 1389 1029 1444 intesta·
1048 1402 1084 1442 1²1.

73 1481 151 1530 tarum
172 1473 360 1544 eliminantur,
387 1473 625 1529 senatusconsulto
652 1472 809 1546 Orphitiano
834 1473 958 1528 ellectum
980 1481 1030 1543 est,

72 1559 137 1630 quod
152 1559 234 1614 latum
258 1567 298 1614 est
315 1558 428 1632 Orphito
450 1566 477 1614 et
497 1557 567 1614 Ruso
590 1551 776 1627 consulibus‚¹
798 1558 851 1612 divi
872 1557 950 1612 blanci
965 1564 1032 1611 tem·

70 1643 183 1715 poribus.
215 1652 243 1699 et
263 1643 324 1698 data
346 1652 387 1698 est
409 1650 461 1698 tam
483 1641 538 1698 lilio
559 1659 638 1716 quam
661 1641 730 1698 filiae
751 1642 871 1716 legitima
886 1641 1031 1712 hereditas,

71 1729 166 1783 etiamsi
186 1729 273 1783 alieno
293 1729 345 1783 iuri
365 1727 478 1784 subiecti
500 1733 580 1782 sunt:
611 1736 638 1783 et
657 1725 850 1800 praeferuntur
870 1735 898 1782 et
918 1742 1031 1781 consan-

70 1814 169 1885 guineis
190 1821 217 1868 et
238 1812 359 1886 adgnatis
381 1812 524 1869 deiunctae
545 1814 647 1868 matris.
685 1811 737 1867 Sed
759 1829 820 1866 enm
841 1829 873 1866 ex
889 1812 940 1866 hoc
955 1822 1063 1869 sena-1

69 1897 234 1953 tusco-nsulto
255 1905 369 1972 nepotes
391 1897 422 1952 ad
445 1899 516 1953 aviae
537 1899 737 1953 successionem
758 1895 880 1970 legitim'o
902 1898 961 1951 iure
977 1911 1031 1951 non

68 1982 236 2054 vocabantur,
252 1976 347 2055 postea
359 1983 411 2038 hoc
426 1981 665 2040 constitutionibus
681 1976 891 2054 principalibus²
907 1980 1031 2037 emenda·

68 2075 120 2122 tum
136 2077 193 2138 est,
217 2076 246 2122 ut
267 2067 299 2121 ad
320 2066 521 2122 similitudinem
543 2065 659 2122 filiorum
680 2065 848 2138 liliorumque
869 2074 896 2120 et
917 2071 1030 2136 nepotes

67 2160 91 2206 et
110 2161 205 2225 neptes
227 2160 366 2208 vocentur.
404 2151 548 2207 Sciendum
569 2159 658 2205 autem
680 2157 731 2219 est,
754 2149 909 2204 huiusmodi
923 2164 1031 2204 succes·
1049 2159 1064 2205 2

66 2237 169 2307 siones⁷
191 2253 260 2310 quae
281 2254 295 2291 a
317 2237 482 2292 Tertulliano
504 2244 531 2292 et
552 2236 710 2308 Orphitiano
732 2235 910 2303 deteruntur,
937 2233 1029 2305 capitis

67 2320 248 2377 deminutione
270 2337 324 2376 non
345 2323 447 2395 peremi
467 2329 581 2394 propter
600 2319 673 2374 illam
699 2319 837 2393 regulam,
865 2335 917 2392 qua
946 2333 1030 2374 novae

65 2405 225 2462 hereditates
240 2406 376 2480 legitimae
392 2407 484 2479 capitis
500 2405 684 2461 deminutione
699 2421 754 2460 non
766 2412 892 2477 pereunt,
907 2403 955 2459 sed
970 2402 1031 2458 illae

65 2489 152 2560 solae,
173 2507 241 2563 quae
263 2491 376 2564 exlege
398 2490 538 2546 duodecim
561 2489 710 2546 tabularum
731 2489 901 2544 deierantur.
938 2487 1031 2544 Novis·
1049 2495 1064 2542 3

63 2574 130 2630 sime
145 2575 282 2631 sciendum
299 2585 351 2646 est,
366 2577 445 2631 etiam
461 2575 522 2631 illos
538 2575 649 2646 liberos,
665 2576 711 2648 qui
726 2573 809 2647 vulgo
826 2575 941 2648 quaesiti
956 2579 1030 2642 sunt,

65 2657 96 2712 ad
111 2661 203 2716 matris
219 2660 396 2716 hereditatem
412 2677 444 2715 ex
460 2661 512 2715 hoe
527 2659 766 2716 senatusconsulto
783 2659 896 2713 admitti.

127 2737 174 2800 ³st
188 2761 220 2802 ex
236 2743 359 2818 pluribus
379 2746 506 2818 legitimis
523 2743 666 2801 heredibus
680 2743 786 2817 quidam
800 2743 939 2798 omiserint
955 2743 1031 2797 here·
1048 2748 1064 2795 4

63 2827 173 2886 dilatem
194 2829 236 2885 vel
258 2838 346 2885 morte
367 2830 409 2884 vel
429 2829 478 2884 alia
499 2846 578 2884 cansa
598 2828 720 2902 impediti
740 2828 858 2898 luerint⁷
887 2827 1030 2900 quominus

63 2912 172 2969 adeant:
188 2914 311 2987 reliquis,
328 2915 373 2988 qni
389 2914 517 2985 adierint,
534 2913 665 2970 adcrescit
679 2913 788 2968 illorum
803 2914 894 2986 portio
910 2919 952 2982 et⁷
968 2909 1031 2976 licet

62 3004 124 3052 ante
137 2998 313 3069 decesserint,
330 3001 376 3071 qui
386 2998 511 3069 adierint,
524 2998 555 3053 ad
567 2999 682 3054 heredes
695 3006 783 3054 tamen
795 3013 889 3054 eorum
902 2997 1028 3069 pertinet.

131 3230 150 3292 ¹)
171 3232 298 3282 effectum
318 3269 365 3283 ...
384 3230 541 3281 consulibus
563 3231 674 3296 Theoph.
694 3233 734 3282 ed.
753 3231 802 3283 Kr.
825 3229 896 3294 quod
915 3228 1030 3293 Orphito

62 3300 92 3344 et
107 3297 142 3346 R.
162 3315 235 3352 cons,
255 3299 299 3348 eff.
329 3304 372 3350 est
395 3300 465 3363 quod
483 3298 570 3349 latum
590 3304 632 3349 est
650 3299 715 3358 Bm
743 3300 833 3349 omisso
851 3298 940 3360 priore
959 3295 1030 3358 quod

60 3364 101 3412 ed·
120 3366 195 3418 Sena.
265 3365 286 3432 ²)
306 3369 338 3419 L.
356 3369 383 3417 9.
404 3368 429 3416 0.
450 3369 481 3417 de
499 3369 552 3417 suis
570 3364 604 3432 (6,
624 3365 675 3429 55).
747 3365 767 3429 ³)
785 3386 818 3406 =
836 3365 869 3414 L.
888 3366 903 3413 9
922 3364 976 3412 init.
997 3364 1028 3415 Ι).

60 3431 93 3478 de
110 3437 165 3486 caia
184 3435 234 3499 (38,
255 3431 297 3500 16)
317 3451 352 3484 eas
370 3435 501 3485 Marciani
517 3437 533 3486 l.
554 3437 569 3485 5
587 3437 666 3486 instit.
