<?xml version="1.0" encoding="UTF-8"?>
<!DOCTYPE html PUBLIC "-//W3C//DTD XHTML 1.0 Transitional//EN"
    "http://www.w3.org/TR/xhtml1/DTD/xhtml1-transitional.dtd">
<html xmlns="http://www.w3.org/1999/xhtml" xml:lang="en" lang="en">
 <head>
  <title>
</title>
<meta http-equiv="Content-Type" content="text/html;charset=utf-8" />
  <meta name='ocr-system' content='tesseract 3.04.00' />
  <meta name='ocr-capabilities' content='ocr_page ocr_carea ocr_par ocr_line ocrx_word'/>
</head>
<body>
  <div class='ocr_page' id='page_1' title='image "./impivstinianiin00huscgoog_0118.png"; bbox 0 0 2484 3916; ppageno 0'>
   <div class='ocr_carea' id='block_1_1' title="bbox 217 213 1059 279">
    <p class='ocr_par' dir='ltr' id='par_1_1' title="bbox 217 213 1059 279">
     <span class='ocr_line' id='line_1_1' title="bbox 217 213 1059 279; baseline 0.008 -19"><span class='ocrx_word' id='word_1_1' title='bbox 217 215 563 264; x_wconf 71' lang='lat' dir='ltr'>nmsnnurcouuiseamrs</span> <span class='ocrx_word' id='word_1_2' title='bbox 582 227 811 264; x_wconf 76' lang='lat' dir='ltr'>uuaecrrtuinus</span> <span class='ocrx_word' id='word_1_3' title='bbox 830 215 867 278; x_wconf 94' lang='lat' dir='ltr'>II,</span> <span class='ocrx_word' id='word_1_4' title='bbox 886 217 926 266; x_wconf 78' lang='lat'>23.</span> <span class='ocrx_word' id='word_1_5' title='bbox 1018 213 1059 279; x_wconf 87' lang='lat'>93</span> 
     </span>
    </p>
   </div>
   <div class='ocr_carea' id='block_1_2' title="bbox 85 368 1131 1796">
    <p class='ocr_par' dir='ltr' id='par_1_2' title="bbox 85 368 1061 596">
     <span class='ocr_line' id='line_1_2' title="bbox 86 368 1059 444; baseline -0.001 -17"><span class='ocrx_word' id='word_1_6' title='bbox 86 387 184 428; x_wconf 88' lang='lat' dir='ltr'>eorum</span> <span class='ocrx_word' id='word_1_7' title='bbox 199 369 287 424; x_wconf 88' lang='lat' dir='ltr'>iactus</span> <span class='ocrx_word' id='word_1_8' title='bbox 303 377 355 440; x_wconf 90' lang='lat' dir='ltr'>est,</span> <span class='ocrx_word' id='word_1_9' title='bbox 373 376 402 423; x_wconf 91' lang='lat' dir='ltr'>ot</span> <span class='ocrx_word' id='word_1_10' title='bbox 417 368 545 442; x_wconf 88' lang='lat' dir='ltr'>paulatim</span> <span class='ocrx_word' id='word_1_11' title='bbox 557 369 637 424; x_wconf 90' lang='lat' dir='ltr'>etiam</span> <span class='ocrx_word' id='word_1_12' title='bbox 652 377 762 442; x_wconf 88' lang='lat' dir='ltr'>praetor</span> <span class='ocrx_word' id='word_1_13' title='bbox 772 372 899 444; x_wconf 91' lang='lat' dir='ltr'>proprius</span> <span class='ocrx_word' id='word_1_14' title='bbox 912 380 1059 444; x_wconf 78' lang='lat' dir='ltr'>crearetur,</span> 
     </span>
     <span class='ocr_line' id='line_1_3' title="bbox 86 451 1061 532; baseline 0.002 -22"><span class='ocrx_word' id='word_1_15' title='bbox 86 455 134 530; x_wconf 87' lang='lat' dir='ltr'>qui</span> <span class='ocrx_word' id='word_1_16' title='bbox 151 452 365 510; x_wconf 85' lang='lat' dir='ltr'>fideicommissis</span> <span class='ocrx_word' id='word_1_17' title='bbox 381 454 423 508; x_wconf 91' lang='lat' dir='ltr'>ins</span> <span class='ocrx_word' id='word_1_18' title='bbox 445 453 561 525; x_wconf 91' lang='lat' dir='ltr'>diceret,</span> <span class='ocrx_word' id='word_1_19' title='bbox 583 469 663 528; x_wconf 88' lang='lat' dir='ltr'>quern</span> <span class='ocrx_word' id='word_1_20' title='bbox 680 451 954 511; x_wconf 85' lang='lat' dir='ltr'>fideicommissarium</span> <span class='ocrx_word' id='word_1_21' title='bbox 970 456 1061 532; x_wconf 90' lang='lat' dir='ltr'>appel·</span> 
     </span>
     <span class='ocr_line' id='line_1_4' title="bbox 85 539 204 596; baseline -0.017 0"><span class='ocrx_word' id='word_1_22' title='bbox 85 539 204 596; x_wconf 68' lang='lat' dir='ltr'>labant*</span> 
     </span>
    </p>

    <p class='ocr_par' dir='ltr' id='par_1_3' title="bbox 85 613 1131 1796">
     <span class='ocr_line' id='line_1_5' title="bbox 151 613 1093 698; baseline 0.004 -20"><span class='ocrx_word' id='word_1_23' title='bbox 151 616 295 698; x_wconf 88' lang='lat' dir='ltr'>¹lnprimis</span> <span class='ocrx_word' id='word_1_24' title='bbox 311 613 395 696; x_wconf 75' lang='lat' dir='ltr'>igitur</span> <span class='ocrx_word' id='word_1_25' title='bbox 410 621 548 678; x_wconf 88' lang='lat' dir='ltr'>sciendum</span> <span class='ocrx_word' id='word_1_26' title='bbox 565 628 621 694; x_wconf 92' lang='lat' dir='ltr'>est,</span> <span class='ocrx_word' id='word_1_27' title='bbox 644 639 713 697; x_wconf 93' lang='lat' dir='ltr'>opus</span> <span class='ocrx_word' id='word_1_28' title='bbox 729 639 805 694; x_wconf 90' lang='lat' dir='ltr'>esse,</span> <span class='ocrx_word' id='word_1_29' title='bbox 826 631 855 679; x_wconf 92' lang='lat' dir='ltr'>nt</span> <span class='ocrx_word' id='word_1_30' title='bbox 870 625 966 698; x_wconf 89' lang='lat' dir='ltr'>aliquis</span> <span class='ocrx_word' id='word_1_31' title='bbox 982 633 1058 680; x_wconf 89' lang='lat' dir='ltr'>recto</span> <span class='ocrx_word' id='word_1_32' title='bbox 1077 637 1093 684; x_wconf 78' lang='lat'>2</span> 
     </span>
     <span class='ocr_line' id='line_1_6' title="bbox 85 705 1060 781; baseline 0 -17"><span class='ocrx_word' id='word_1_33' title='bbox 85 710 145 764; x_wconf 86' lang='lat' dir='ltr'>iure</span> <span class='ocrx_word' id='word_1_34' title='bbox 160 713 326 764; x_wconf 90' lang='lat' dir='ltr'>testamento</span> <span class='ocrx_word' id='word_1_35' title='bbox 341 707 421 764; x_wconf 90' lang='lat' dir='ltr'>heres</span> <span class='ocrx_word' id='word_1_36' title='bbox 436 707 595 762; x_wconf 77' lang='lat' dir='ltr'>instituatur</span> <span class='ocrx_word' id='word_1_37' title='bbox 606 707 720 781; x_wconf 85' lang='lat' dir='ltr'>eiusque</span> <span class='ocrx_word' id='word_1_38' title='bbox 735 705 798 762; x_wconf 87' lang='lat' dir='ltr'>fidei</span> <span class='ocrx_word' id='word_1_39' title='bbox 813 709 1012 781; x_wconf 79' lang='lat' dir='ltr'>committatur,</span> <span class='ocrx_word' id='word_1_40' title='bbox 1030 717 1060 764; x_wconf 90' lang='lat' dir='ltr'>ut</span> 
     </span>
     <span class='ocr_line' id='line_1_7' title="bbox 86 791 1059 866; baseline 0 -18"><span class='ocrx_word' id='word_1_41' title='bbox 86 810 144 848; x_wconf 87' lang='lat' dir='ltr'>eam</span> <span class='ocrx_word' id='word_1_42' title='bbox 160 791 339 850; x_wconf 83' lang='lat' dir='ltr'>hereditatem</span> <span class='ocrx_word' id='word_1_43' title='bbox 349 791 394 848; x_wconf 92' lang='lat' dir='ltr'>alii</span> <span class='ocrx_word' id='word_1_44' title='bbox 408 792 549 848; x_wconf 90' lang='lat' dir='ltr'>restituat:</span> <span class='ocrx_word' id='word_1_45' title='bbox 566 791 686 866; x_wconf 92' lang='lat' dir='ltr'>alioquin</span> <span class='ocrx_word' id='word_1_46' title='bbox 696 791 793 848; x_wconf 89' lang='lat' dir='ltr'>inutile</span> <span class='ocrx_word' id='word_1_47' title='bbox 804 800 846 848; x_wconf 92' lang='lat' dir='ltr'>est</span> <span class='ocrx_word' id='word_1_48' title='bbox 859 800 1059 864; x_wconf 86' lang='lat' dir='ltr'>testamentum,</span> 
     </span>
     <span class='ocr_line' id='line_1_8' title="bbox 86 876 1058 952; baseline 0 -20"><span class='ocrx_word' id='word_1_49' title='bbox 86 879 114 934; x_wconf 94' lang='lat' dir='ltr'>in</span> <span class='ocrx_word' id='word_1_50' title='bbox 136 892 191 950; x_wconf 92' lang='lat' dir='ltr'>quo</span> <span class='ocrx_word' id='word_1_51' title='bbox 213 892 293 932; x_wconf 89' lang='lat' dir='ltr'>nemo</span> <span class='ocrx_word' id='word_1_52' title='bbox 315 877 396 932; x_wconf 89' lang='lat' dir='ltr'>heres</span> <span class='ocrx_word' id='word_1_53' title='bbox 409 877 569 932; x_wconf 85' lang='lat' dir='ltr'>instituitur.</span> <span class='ocrx_word' id='word_1_54' title='bbox 606 893 667 932; x_wconf 91' lang='lat' dir='ltr'>cum</span> <span class='ocrx_word' id='word_1_55' title='bbox 688 878 773 951; x_wconf 89' lang='lat' dir='ltr'>igitur</span> <span class='ocrx_word' id='word_1_56' title='bbox 794 876 890 951; x_wconf 89' lang='lat' dir='ltr'>aliquis</span> <span class='ocrx_word' id='word_1_57' title='bbox 906 877 1058 952; x_wconf 85' lang='lat' dir='ltr'>scripserit:</span> 
     </span>
     <span class='ocr_line' id='line_1_9' title="bbox 87 961 1060 1035; baseline 0 -17"><span class='ocrx_word' id='word_1_58' title='bbox 87 977 202 1020; x_wconf 80' lang='lat' dir='ltr'>nucius</span> <span class='ocrx_word' id='word_1_59' title='bbox 218 975 550 1034; x_wconf 77' lang='lat' dir='ltr'>u1u1usnnnnsssro,</span> <span class='ocrx_word' id='word_1_60' title='bbox 565 962 668 1035; x_wconf 86' lang='lat' dir='ltr'>poterit</span> <span class='ocrx_word' id='word_1_61' title='bbox 683 961 802 1020; x_wconf 88' lang='lat' dir='ltr'>adicere:</span> <span class='ocrx_word' id='word_1_62' title='bbox 817 977 903 1020; x_wconf 80' lang='lat' dir='ltr'>eoco</span> <span class='ocrx_word' id='word_1_63' title='bbox 920 979 970 1034; x_wconf 80' lang='lat' dir='ltr'>ru,</span> <span class='ocrx_word' id='word_1_64' title='bbox 986 977 1060 1020; x_wconf 80' lang='lat' dir='ltr'>nuos</span> 
     </span>
     <span class='ocr_line' id='line_1_10' title="bbox 88 1061 1059 1117; baseline 0 -13"><span class='ocrx_word' id='word_1_65' title='bbox 88 1063 171 1116; x_wconf 80' lang='lat' dir='ltr'>urm,</span> <span class='ocrx_word' id='word_1_66' title='bbox 189 1063 246 1116; x_wconf 81' lang='lat' dir='ltr'>ur,</span> <span class='ocrx_word' id='word_1_67' title='bbox 269 1061 333 1104; x_wconf 81' lang='lat' dir='ltr'>cum</span> <span class='ocrx_word' id='word_1_68' title='bbox 346 1061 468 1104; x_wconf 73' lang='lat' dir='ltr'>ceterum</span> <span class='ocrx_word' id='word_1_69' title='bbox 482 1061 591 1104; x_wconf 77' lang='lat' dir='ltr'>rossus</span> <span class='ocrx_word' id='word_1_70' title='bbox 607 1062 832 1104; x_wconf 79' lang='lat' dir='ltr'>nnnunmnruu</span> <span class='ocrx_word' id='word_1_71' title='bbox 848 1062 937 1104; x_wconf 73' lang='lat' dir='ltr'>uuum</span> <span class='ocrx_word' id='word_1_72' title='bbox 951 1062 1059 1117; x_wconf 76' lang='lat' dir='ltr'>Acme,</span> 
     </span>
     <span class='ocr_line' id='line_1_11' title="bbox 87 1132 1059 1206; baseline -0.001 -19"><span class='ocrx_word' id='word_1_73' title='bbox 87 1147 151 1187; x_wconf 79' lang='lat' dir='ltr'>unns</span> <span class='ocrx_word' id='word_1_74' title='bbox 167 1145 244 1188; x_wconf 77' lang='lat' dir='ltr'>omo</span> <span class='ocrx_word' id='word_1_75' title='bbox 260 1143 332 1188; x_wconf 85' lang='lat' dir='ltr'>suto</span> <span class='ocrx_word' id='word_1_76' title='bbox 347 1147 486 1202; x_wconf 63' lang='lat' dir='ltr'>munus,</span> <span class='ocrx_word' id='word_1_77' title='bbox 509 1145 694 1190; x_wconf 77' lang='lat' dir='ltr'>nnsmruas.</span> <span class='ocrx_word' id='word_1_78' title='bbox 731 1137 824 1205; x_wconf 92' lang='lat' dir='ltr'>potest</span> <span class='ocrx_word' id='word_1_79' title='bbox 838 1139 927 1186; x_wconf 91' lang='lat' dir='ltr'>autem</span> <span class='ocrx_word' id='word_1_80' title='bbox 944 1132 1059 1206; x_wconf 89' lang='lat' dir='ltr'>quisque</span> 
     </span>
     <span class='ocr_line' id='line_1_12' title="bbox 88 1213 1060 1290; baseline 0 -20"><span class='ocrx_word' id='word_1_81' title='bbox 88 1214 169 1270; x_wconf 91' lang='lat' dir='ltr'>etde</span> <span class='ocrx_word' id='word_1_82' title='bbox 188 1221 267 1290; x_wconf 88' lang='lat' dir='ltr'>parte</span> <span class='ocrx_word' id='word_1_83' title='bbox 288 1213 455 1272; x_wconf 90' lang='lat' dir='ltr'>restituenda</span> <span class='ocrx_word' id='word_1_84' title='bbox 476 1215 603 1272; x_wconf 87' lang='lat' dir='ltr'>heredem</span> <span class='ocrx_word' id='word_1_85' title='bbox 625 1232 738 1290; x_wconf 81' lang='lat' dir='ltr'>rogare:</span> <span class='ocrx_word' id='word_1_86' title='bbox 765 1223 791 1270; x_wconf 90' lang='lat' dir='ltr'>et</span> <span class='ocrx_word' id='word_1_87' title='bbox 819 1214 932 1272; x_wconf 90' lang='lat' dir='ltr'>liberum</span> <span class='ocrx_word' id='word_1_88' title='bbox 954 1213 1060 1271; x_wconf 78' lang='lat' dir='ltr'>estrei</span> 
     </span>
     <span class='ocr_line' id='line_1_13' title="bbox 87 1289 1059 1374; baseline 0 -20"><span class='ocrx_word' id='word_1_89' title='bbox 87 1315 158 1374; x_wconf 89' lang='lat' dir='ltr'>pure</span> <span class='ocrx_word' id='word_1_90' title='bbox 172 1299 214 1358; x_wconf 89' lang='lat' dir='ltr'>vel</span> <span class='ocrx_word' id='word_1_91' title='bbox 234 1297 284 1355; x_wconf 90' lang='lat' dir='ltr'>sub</span> <span class='ocrx_word' id='word_1_92' title='bbox 300 1289 458 1356; x_wconf 85' lang='lat' dir='ltr'>condicione</span> <span class='ocrx_word' id='word_1_93' title='bbox 479 1299 634 1372; x_wconf 91' lang='lat' dir='ltr'>relinquere</span> <span class='ocrx_word' id='word_1_94' title='bbox 654 1297 890 1356; x_wconf 85' lang='lat' dir='ltr'>fideicommissum</span> <span class='ocrx_word' id='word_1_95' title='bbox 906 1300 948 1356; x_wconf 91' lang='lat' dir='ltr'>vel</span> <span class='ocrx_word' id='word_1_96' title='bbox 964 1317 996 1355; x_wconf 83' lang='lat' dir='ltr'>ex</span> <span class='ocrx_word' id='word_1_97' title='bbox 1017 1299 1059 1355; x_wconf 90' lang='lat' dir='ltr'>die</span> 
     </span>
     <span class='ocr_line' id='line_1_14' title="bbox 88 1391 849 1440; baseline -0.003 0"><span class='ocrx_word' id='word_1_98' title='bbox 88 1391 177 1440; x_wconf 88' lang='lat' dir='ltr'>certo.</span> <span class='ocrx_word' id='word_1_99' title='bbox 846 1415 849 1421; x_wconf 89' lang='lat'>·</span> 
     </span>
     <span class='ocr_line' id='line_1_15' title="bbox 153 1467 1093 1541; baseline 0.002 -19"><span class='ocrx_word' id='word_1_100' title='bbox 153 1467 286 1524; x_wconf 89' lang='lat' dir='ltr'>Restituta</span> <span class='ocrx_word' id='word_1_101' title='bbox 302 1476 390 1527; x_wconf 91' lang='lat' dir='ltr'>autem</span> <span class='ocrx_word' id='word_1_102' title='bbox 405 1467 572 1538; x_wconf 87' lang='lat' dir='ltr'>hereditate,</span> <span class='ocrx_word' id='word_1_103' title='bbox 587 1469 610 1522; x_wconf 92' lang='lat' dir='ltr'>is</span> <span class='ocrx_word' id='word_1_104' title='bbox 626 1467 751 1541; x_wconf 89' lang='lat' dir='ltr'>quidem,</span> <span class='ocrx_word' id='word_1_105' title='bbox 766 1470 813 1541; x_wconf 91' lang='lat' dir='ltr'>qui</span> <span class='ocrx_word' id='word_1_106' title='bbox 828 1469 959 1538; x_wconf 90' lang='lat' dir='ltr'>restituit,</span> <span class='ocrx_word' id='word_1_107' title='bbox 974 1467 1059 1522; x_wconf 91' lang='lat' dir='ltr'>nihilo</span> <span class='ocrx_word' id='word_1_108' title='bbox 1078 1479 1093 1524; x_wconf 85' lang='lat'><strong>3</strong></span> 
     </span>
     <span class='ocr_line' id='line_1_16' title="bbox 88 1551 1131 1628; baseline -0.002 -20"><span class='ocrx_word' id='word_1_109' title='bbox 88 1555 178 1608; x_wconf 91' lang='lat' dir='ltr'>minus</span> <span class='ocrx_word' id='word_1_110' title='bbox 196 1553 275 1610; x_wconf 89' lang='lat' dir='ltr'>heres</span> <span class='ocrx_word' id='word_1_111' title='bbox 295 1561 449 1628; x_wconf 91' lang='lat' dir='ltr'>permanet:</span> <span class='ocrx_word' id='word_1_112' title='bbox 470 1553 493 1608; x_wconf 93' lang='lat' dir='ltr'>is</span> <span class='ocrx_word' id='word_1_113' title='bbox 509 1567 589 1622; x_wconf 89' lang='lat' dir='ltr'>vero,</span> <span class='ocrx_word' id='word_1_114' title='bbox 611 1553 657 1625; x_wconf 89' lang='lat' dir='ltr'>qui</span> <span class='ocrx_word' id='word_1_115' title='bbox 677 1553 774 1625; x_wconf 86' lang='lat' dir='ltr'>recipit</span> <span class='ocrx_word' id='word_1_116' title='bbox 795 1552 990 1621; x_wconf 82' lang='lat' dir='ltr'>hereditatem,</span> <span class='ocrx_word' id='word_1_117' title='bbox 1012 1551 1059 1606; x_wconf 91' lang='lat' dir='ltr'>ali·</span> <span class='ocrx_word' id='word_1_118' title='bbox 1128 1587 1131 1593; x_wconf 93' lang='lat'><em>-</em></span> 
     </span>
     <span class='ocr_line' id='line_1_17' title="bbox 88 1635 1094 1712; baseline 0.001 -19"><span class='ocrx_word' id='word_1_119' title='bbox 88 1636 198 1712; x_wconf 83' lang='lat' dir='ltr'>quando</span> <span class='ocrx_word' id='word_1_120' title='bbox 221 1637 327 1694; x_wconf 89' lang='lat' dir='ltr'>heredis</span> <span class='ocrx_word' id='word_1_121' title='bbox 348 1637 492 1710; x_wconf 88' lang='lat' dir='ltr'>aliquando</span> <span class='ocrx_word' id='word_1_122' title='bbox 507 1635 629 1711; x_wconf 89' lang='lat' dir='ltr'>legatarii</span> <span class='ocrx_word' id='word_1_123' title='bbox 649 1635 710 1692; x_wconf 89' lang='lat' dir='ltr'>loco</span> <span class='ocrx_word' id='word_1_124' title='bbox 726 1635 883 1692; x_wconf 87' lang='lat' dir='ltr'>habebatur.</span> <span class='ocrx_word' id='word_1_125' title='bbox 919 1635 952 1690; x_wconf 88' lang='lat' dir='ltr'>Et</span> <span class='ocrx_word' id='word_1_126' title='bbox 967 1637 993 1692; x_wconf 95' lang='lat' dir='ltr'>in</span> <span class='ocrx_word' id='word_1_127' title='bbox 1009 1635 1061 1690; x_wconf 91' lang='lat' dir='ltr'>Ne·</span> <span class='ocrx_word' id='word_1_128' title='bbox 1077 1647 1094 1694; x_wconf 85' lang='grc'>4</span> 
     </span>
     <span class='ocr_line' id='line_1_18' title="bbox 89 1719 1061 1796; baseline -0.002 -20"><span class='ocrx_word' id='word_1_129' title='bbox 89 1723 163 1778; x_wconf 88' lang='lat' dir='ltr'>renis</span> <span class='ocrx_word' id='word_1_130' title='bbox 186 1721 295 1796; x_wconf 90' lang='lat' dir='ltr'>quidem</span> <span class='ocrx_word' id='word_1_131' title='bbox 316 1720 483 1795; x_wconf 86' lang='lat' dir='ltr'>temporibus</span> <span class='ocrx_word' id='word_1_132' title='bbox 506 1720 639 1776; x_wconf 85' lang='lat' dir='ltr'>Trebellio</span> <span class='ocrx_word' id='word_1_133' title='bbox 654 1720 768 1777; x_wconf 83' lang='lat' dir='ltr'>Maximo</span> <span class='ocrx_word' id='word_1_134' title='bbox 789 1729 817 1777; x_wconf 90' lang='lat' dir='ltr'>et</span> <span class='ocrx_word' id='word_1_135' title='bbox 833 1721 941 1780; x_wconf 85' lang='lat' dir='ltr'>Annaeo</span> <span class='ocrx_word' id='word_1_136' title='bbox 958 1719 1061 1778; x_wconf 85' lang='lat' dir='ltr'>Seneca</span> 
     </span>
    </p>
   </div>
   <div class='ocr_carea' id='block_1_3' title="bbox 85 1805 1060 1964">
    <p class='ocr_par' dir='ltr' id='par_1_4' title="bbox 85 1805 1060 1964">
     <span class='ocr_line' id='line_1_19' title="bbox 88 1805 1060 1880; baseline -0.001 -17"><span class='ocrx_word' id='word_1_137' title='bbox 88 1805 246 1864; x_wconf 90' lang='lat' dir='ltr'>oonsulibus</span> <span class='ocrx_word' id='word_1_138' title='bbox 268 1805 533 1863; x_wconf 87' lang='lat' dir='ltr'>senatusconsultum</span> <span class='ocrx_word' id='word_1_139' title='bbox 548 1805 648 1860; x_wconf 88' lang='lat' dir='ltr'>lactum</span> <span class='ocrx_word' id='word_1_140' title='bbox 666 1814 724 1877; x_wconf 90' lang='lat' dir='ltr'>est,</span> <span class='ocrx_word' id='word_1_141' title='bbox 748 1823 802 1880; x_wconf 92' lang='lat' dir='ltr'>quo</span> <span class='ocrx_word' id='word_1_142' title='bbox 818 1814 925 1862; x_wconf 89' lang='lat' dir='ltr'>cautum</span> <span class='ocrx_word' id='word_1_143' title='bbox 941 1813 998 1878; x_wconf 91' lang='lat' dir='ltr'>est,</span> <span class='ocrx_word' id='word_1_144' title='bbox 1021 1815 1060 1874; x_wconf 90' lang='lat' dir='ltr'>ut,</span> 
     </span>
     <span class='ocr_line' id='line_1_20' title="bbox 85 1883 1060 1964; baseline -0.001 -17"><span class='ocrx_word' id='word_1_145' title='bbox 85 1893 110 1948; x_wconf 90' lang='lat' dir='ltr'>si</span> <span class='ocrx_word' id='word_1_146' title='bbox 132 1883 197 1946; x_wconf 78' lang='lat' dir='ltr'>cui²</span> <span class='ocrx_word' id='word_1_147' title='bbox 218 1889 353 1946; x_wconf 89' lang='lat' dir='ltr'>hereditas</span> <span class='ocrx_word' id='word_1_148' title='bbox 374 1907 407 1946; x_wconf 82' lang='lat' dir='ltr'>en</span> <span class='ocrx_word' id='word_1_149' title='bbox 428 1888 628 1946; x_wconf 85' lang='lat' dir='ltr'>fideicommissi</span> <span class='ocrx_word' id='word_1_150' title='bbox 651 1907 730 1946; x_wconf 89' lang='lat' dir='ltr'>causa</span> <span class='ocrx_word' id='word_1_151' title='bbox 751 1892 877 1946; x_wconf 88' lang='lat' dir='ltr'>restituta</span> <span class='ocrx_word' id='word_1_152' title='bbox 892 1892 944 1961; x_wconf 87' lang='lat' dir='ltr'>sit,</span> <span class='ocrx_word' id='word_1_153' title='bbox 967 1905 1060 1964; x_wconf 88' lang='lat' dir='ltr'>omnes</span> 
     </span>
    </p>
   </div>
   <div class='ocr_carea' id='block_1_4' title="bbox 84 1973 1095 3316">
    <p class='ocr_par' dir='ltr' id='par_1_5' title="bbox 84 1973 1095 3316">
     <span class='ocr_line' id='line_1_21' title="bbox 85 1973 1061 2048; baseline -0.004 -16"><span class='ocrx_word' id='word_1_154' title='bbox 85 1977 226 2046; x_wconf 83' lang='lat' dir='ltr'>actiones,</span> <span class='ocrx_word' id='word_1_155' title='bbox 242 1991 311 2048; x_wconf 90' lang='lat' dir='ltr'>quae</span> <span class='ocrx_word' id='word_1_156' title='bbox 325 1975 384 2030; x_wconf 92' lang='lat' dir='ltr'>iure</span> <span class='ocrx_word' id='word_1_157' title='bbox 399 1973 469 2030; x_wconf 91' lang='lat' dir='ltr'>civili</span> <span class='ocrx_word' id='word_1_158' title='bbox 485 1974 580 2030; x_wconf 92' lang='lat' dir='ltr'>heredi</span> <span class='ocrx_word' id='word_1_159' title='bbox 595 1982 622 2029; x_wconf 89' lang='lat' dir='ltr'>et</span> <span class='ocrx_word' id='word_1_160' title='bbox 637 1975 665 2030; x_wconf 91' lang='lat' dir='ltr'>in</span> <span class='ocrx_word' id='word_1_161' title='bbox 680 1973 807 2030; x_wconf 91' lang='lat' dir='ltr'>heredem</span> <span class='ocrx_word' id='word_1_162' title='bbox 823 1982 1021 2048; x_wconf 81' lang='lat' dir='ltr'>competerent,</span> <span class='ocrx_word' id='word_1_163' title='bbox 1036 1975 1061 2029; x_wconf 89' lang='lat' dir='ltr'>ei</span> 
     </span>
     <span class='ocr_line' id='line_1_22' title="bbox 86 2055 1061 2136; baseline -0.005 -20"><span class='ocrx_word' id='word_1_164' title='bbox 86 2069 116 2116; x_wconf 91' lang='lat' dir='ltr'>et</span> <span class='ocrx_word' id='word_1_165' title='bbox 130 2061 159 2114; x_wconf 90' lang='lat' dir='ltr'>in</span> <span class='ocrx_word' id='word_1_166' title='bbox 176 2075 238 2115; x_wconf 91' lang='lat' dir='ltr'>eum</span> <span class='ocrx_word' id='word_1_167' title='bbox 253 2059 396 2136; x_wconf 89' lang='lat' dir='ltr'>darentur,</span> <span class='ocrx_word' id='word_1_168' title='bbox 417 2060 460 2116; x_wconf 91' lang='lat' dir='ltr'>oui</span> <span class='ocrx_word' id='word_1_169' title='bbox 477 2075 509 2114; x_wconf 85' lang='lat' dir='ltr'>ex</span> <span class='ocrx_word' id='word_1_170' title='bbox 524 2055 731 2114; x_wconf 87' lang='lat' dir='ltr'>fideicommisso</span> <span class='ocrx_word' id='word_1_171' title='bbox 747 2059 873 2114; x_wconf 88' lang='lat' dir='ltr'>restituta</span> <span class='ocrx_word' id='word_1_172' title='bbox 888 2065 962 2113; x_wconf 88' lang='lat' dir='ltr'>esset</span> <span class='ocrx_word' id='word_1_173' title='bbox 982 2057 1061 2112; x_wconf 91' lang='lat' dir='ltr'>here-</span> 
     </span>
     <span class='ocr_line' id='line_1_23' title="bbox 85 2141 1061 2218; baseline -0.005 -18"><span class='ocrx_word' id='word_1_174' title='bbox 85 2146 169 2200; x_wconf 88' lang='lat' dir='ltr'>ditas.</span> <span class='ocrx_word' id='word_1_175' title='bbox 200 2151 270 2218; x_wconf 84' lang='lat' dir='ltr'>&#39;post</span> <span class='ocrx_word' id='word_1_176' title='bbox 290 2143 364 2217; x_wconf 90' lang='lat' dir='ltr'>quod</span> <span class='ocrx_word' id='word_1_177' title='bbox 384 2141 652 2199; x_wconf 86' lang='lat' dir='ltr'>senatusconsultum</span> <span class='ocrx_word' id='word_1_178' title='bbox 672 2148 784 2216; x_wconf 92' lang='lat' dir='ltr'>praetor</span> <span class='ocrx_word' id='word_1_179' title='bbox 804 2141 885 2196; x_wconf 91' lang='lat' dir='ltr'>utiles</span> <span class='ocrx_word' id='word_1_180' title='bbox 900 2142 1020 2196; x_wconf 90' lang='lat' dir='ltr'>actiones</span> <span class='ocrx_word' id='word_1_181' title='bbox 1036 2142 1061 2195; x_wconf 93' lang='lat' dir='ltr'>ei</span> 
     </span>
     <span class='ocr_line' id='line_1_24' title="bbox 85 2223 1061 2302; baseline -0.005 -18"><span class='ocrx_word' id='word_1_182' title='bbox 85 2237 116 2285; x_wconf 87' lang='lat' dir='ltr'>et</span> <span class='ocrx_word' id='word_1_183' title='bbox 128 2231 159 2285; x_wconf 91' lang='lat' dir='ltr'>in</span> <span class='ocrx_word' id='word_1_184' title='bbox 174 2244 248 2300; x_wconf 87' lang='lat' dir='ltr'>eum,</span> <span class='ocrx_word' id='word_1_185' title='bbox 264 2230 311 2302; x_wconf 90' lang='lat' dir='ltr'>qui</span> <span class='ocrx_word' id='word_1_186' title='bbox 325 2229 427 2302; x_wconf 87' lang='lat' dir='ltr'>recepit</span> <span class='ocrx_word' id='word_1_187' title='bbox 442 2226 631 2298; x_wconf 87' lang='lat' dir='ltr'>hereditatem,</span> <span class='ocrx_word' id='word_1_188' title='bbox 650 2227 726 2300; x_wconf 88' lang='lat' dir='ltr'>quasi</span> <span class='ocrx_word' id='word_1_189' title='bbox 740 2225 833 2282; x_wconf 90' lang='lat' dir='ltr'>heredi</span> <span class='ocrx_word' id='word_1_190' title='bbox 848 2226 919 2280; x_wconf 91' lang='lat' dir='ltr'>etin</span> <span class='ocrx_word' id='word_1_191' title='bbox 934 2223 1061 2280; x_wconf 89' lang='lat' dir='ltr'>heredem</span> 
     </span>
     <span class='ocr_line' id='line_1_25' title="bbox 86 2307 1095 2386; baseline -0.007 -17"><span class='ocrx_word' id='word_1_192' title='bbox 86 2314 152 2370; x_wconf 88' lang='lat' dir='ltr'>dare</span> <span class='ocrx_word' id='word_1_193' title='bbox 168 2313 269 2386; x_wconf 88' lang='lat' dir='ltr'>eoepit.</span> <span class='ocrx_word' id='word_1_194' title='bbox 305 2312 358 2368; x_wconf 91' lang='lat' dir='ltr'>Sed</span> <span class='ocrx_word' id='word_1_195' title='bbox 381 2313 443 2384; x_wconf 90' lang='lat' dir='ltr'>qnia</span> <span class='ocrx_word' id='word_1_196' title='bbox 458 2311 571 2368; x_wconf 90' lang='lat' dir='ltr'>heredes</span> <span class='ocrx_word' id='word_1_197' title='bbox 586 2311 696 2384; x_wconf 89' lang='lat' dir='ltr'>scripti,</span> <span class='ocrx_word' id='word_1_198' title='bbox 719 2327 780 2366; x_wconf 93' lang='lat' dir='ltr'>oum</span> <span class='ocrx_word' id='word_1_199' title='bbox 795 2317 842 2364; x_wconf 93' lang='lat' dir='ltr'>aut</span> <span class='ocrx_word' id='word_1_200' title='bbox 857 2317 941 2366; x_wconf 92' lang='lat' dir='ltr'>totam</span> <span class='ocrx_word' id='word_1_201' title='bbox 956 2307 1061 2364; x_wconf 91' lang='lat' dir='ltr'>heredi·</span> <span class='ocrx_word' id='word_1_202' title='bbox 1080 2322 1095 2370; x_wconf 84' lang='lat'>5</span> 
     </span>
     <span class='ocr_line' id='line_1_26' title="bbox 85 2391 1061 2472; baseline -0.006 -18"><span class='ocrx_word' id='word_1_203' title='bbox 85 2405 172 2454; x_wconf 90' lang='lat' dir='ltr'>tatem</span> <span class='ocrx_word' id='word_1_204' title='bbox 189 2405 236 2454; x_wconf 95' lang='lat' dir='ltr'>aut</span> <span class='ocrx_word' id='word_1_205' title='bbox 250 2413 335 2471; x_wconf 90' lang='lat' dir='ltr'>paene</span> <span class='ocrx_word' id='word_1_206' title='bbox 351 2405 436 2452; x_wconf 91' lang='lat' dir='ltr'>totam</span> <span class='ocrx_word' id='word_1_207' title='bbox 450 2396 611 2472; x_wconf 90' lang='lat' dir='ltr'>plerumque</span> <span class='ocrx_word' id='word_1_208' title='bbox 625 2396 771 2457; x_wconf 88' lang='lat' dir='ltr'>restituere</span> <span class='ocrx_word' id='word_1_209' title='bbox 785 2394 967 2470; x_wconf 81' lang='lat' dir='ltr'>rogabantur,</span> <span class='ocrx_word' id='word_1_210' title='bbox 989 2391 1061 2449; x_wconf 89' lang='lat' dir='ltr'>adire</span> 
     </span>
     <span class='ocr_line' id='line_1_27' title="bbox 86 2479 1061 2552; baseline -0.007 -13"><span class='ocrx_word' id='word_1_211' title='bbox 86 2482 269 2539; x_wconf 89' lang='lat' dir='ltr'>hereditatem</span> <span class='ocrx_word' id='word_1_212' title='bbox 284 2481 318 2536; x_wconf 93' lang='lat' dir='ltr'>oh</span> <span class='ocrx_word' id='word_1_213' title='bbox 334 2481 438 2539; x_wconf 91' lang='lat' dir='ltr'>nullum</span> <span class='ocrx_word' id='word_1_214' title='bbox 454 2480 496 2537; x_wconf 91' lang='lat' dir='ltr'>vel</span> <span class='ocrx_word' id='word_1_215' title='bbox 513 2481 652 2536; x_wconf 92' lang='lat' dir='ltr'>minimum</span> <span class='ocrx_word' id='word_1_216' title='bbox 673 2479 779 2536; x_wconf 90' lang='lat' dir='ltr'>lucrum</span> <span class='ocrx_word' id='word_1_217' title='bbox 798 2479 959 2536; x_wconf 88' lang='lat' dir='ltr'>recusabant</span> <span class='ocrx_word' id='word_1_218' title='bbox 980 2487 1061 2552; x_wconf 86' lang='lat' dir='ltr'>atque</span> 
     </span>
     <span class='ocr_line' id='line_1_28' title="bbox 87 2563 1063 2640; baseline -0.004 -18"><span class='ocrx_word' id='word_1_219' title='bbox 87 2567 124 2622; x_wconf 93' lang='lat' dir='ltr'>ob</span> <span class='ocrx_word' id='word_1_220' title='bbox 139 2566 168 2622; x_wconf 93' lang='lat' dir='ltr'>id</span> <span class='ocrx_word' id='word_1_221' title='bbox 185 2565 413 2640; x_wconf 79' lang='lat' dir='ltr'>extinguebantur</span> <span class='ocrx_word' id='word_1_222' title='bbox 428 2563 646 2627; x_wconf 84' lang='lat' dir='ltr'>fideicommissa;</span> <span class='ocrx_word' id='word_1_223' title='bbox 663 2573 759 2639; x_wconf 92' lang='lat' dir='ltr'>postea</span> <span class='ocrx_word' id='word_1_224' title='bbox 775 2564 929 2638; x_wconf 91' lang='lat' dir='ltr'>Vespasiani</span> <span class='ocrx_word' id='word_1_225' title='bbox 944 2564 1063 2636; x_wconf 80' lang='lat' dir='ltr'>Augusti</span> 
     </span>
     <span class='ocr_line' id='line_1_29' title="bbox 85 2647 1062 2725; baseline -0.007 -18"><span class='ocrx_word' id='word_1_226' title='bbox 85 2649 259 2725; x_wconf 86' lang='lat' dir='ltr'>temporibus</span> <span class='ocrx_word' id='word_1_227' title='bbox 280 2650 384 2724; x_wconf 88' lang='lat' dir='ltr'>Pegaso</span> <span class='ocrx_word' id='word_1_228' title='bbox 404 2657 433 2706; x_wconf 90' lang='lat' dir='ltr'>et</span> <span class='ocrx_word' id='word_1_229' title='bbox 452 2649 570 2708; x_wconf 85' lang='lat' dir='ltr'>Pusione</span> <span class='ocrx_word' id='word_1_230' title='bbox 590 2647 747 2706; x_wconf 88' lang='lat' dir='ltr'>consulibus</span> <span class='ocrx_word' id='word_1_231' title='bbox 764 2655 874 2704; x_wconf 89' lang='lat' dir='ltr'>senatus</span> <span class='ocrx_word' id='word_1_232' title='bbox 889 2649 1010 2717; x_wconf 89' lang='lat' dir='ltr'>censuit,</span> <span class='ocrx_word' id='word_1_233' title='bbox 1031 2654 1062 2700; x_wconf 91' lang='lat' dir='ltr'>ut</span> 
     </span>
     <span class='ocr_line' id='line_1_30' title="bbox 87 2731 1062 2810; baseline -0.008 -18"><span class='ocrx_word' id='word_1_234' title='bbox 87 2738 129 2807; x_wconf 91' lang='lat' dir='ltr'>ei,</span> <span class='ocrx_word' id='word_1_235' title='bbox 151 2737 199 2809; x_wconf 89' lang='lat' dir='ltr'>qui</span> <span class='ocrx_word' id='word_1_236' title='bbox 221 2743 333 2810; x_wconf 87' lang='lat' dir='ltr'>rogatus</span> <span class='ocrx_word' id='word_1_237' title='bbox 354 2742 427 2792; x_wconf 89' lang='lat' dir='ltr'>esset</span> <span class='ocrx_word' id='word_1_238' title='bbox 449 2733 626 2792; x_wconf 88' lang='lat' dir='ltr'>hereditatem</span> <span class='ocrx_word' id='word_1_239' title='bbox 647 2735 809 2804; x_wconf 86' lang='lat' dir='ltr'>restituere,</span> <span class='ocrx_word' id='word_1_240' title='bbox 834 2731 946 2806; x_wconf 89' lang='lat' dir='ltr'>perinde</span> <span class='ocrx_word' id='word_1_241' title='bbox 968 2731 1062 2787; x_wconf 89' lang='lat' dir='ltr'>liceret</span> 
     </span>
     <span class='ocr_line' id='line_1_31' title="bbox 88 2809 1062 2895; baseline -0.008 -19"><span class='ocrx_word' id='word_1_242' title='bbox 88 2829 215 2895; x_wconf 89' lang='lat' dir='ltr'>quartam</span> <span class='ocrx_word' id='word_1_243' title='bbox 230 2829 333 2894; x_wconf 87' lang='lat' dir='ltr'>partem</span> <span class='ocrx_word' id='word_1_244' title='bbox 344 2809 473 2890; x_wconf 83' lang='lat' dir='ltr'>retinere,</span> <span class='ocrx_word' id='word_1_245' title='bbox 488 2826 569 2892; x_wconf 88' lang='lat' dir='ltr'>atque</span> <span class='ocrx_word' id='word_1_246' title='bbox 583 2817 646 2892; x_wconf 90' lang='lat' dir='ltr'>lege</span> <span class='ocrx_word' id='word_1_247' title='bbox 657 2817 771 2874; x_wconf 77' lang='lat' dir='ltr'>Falcidia</span> <span class='ocrx_word' id='word_1_248' title='bbox 785 2833 817 2874; x_wconf 81' lang='lat' dir='ltr'>ex</span> <span class='ocrx_word' id='word_1_249' title='bbox 832 2817 929 2890; x_wconf 90' lang='lat' dir='ltr'>legatis</span> <span class='ocrx_word' id='word_1_250' title='bbox 944 2815 1062 2870; x_wconf 87' lang='lat' dir='ltr'>retinere</span> 
     </span>
     <span class='ocr_line' id='line_1_32' title="bbox 84 2899 1063 2979; baseline -0.007 -18"><span class='ocrx_word' id='word_1_251' title='bbox 84 2904 259 2962; x_wconf 86' lang='lat' dir='ltr'>conceditur.</span> <span class='ocrx_word' id='word_1_252' title='bbox 282 2921 313 2960; x_wconf 80' lang='lat' dir='ltr'>es</span> <span class='ocrx_word' id='word_1_253' title='bbox 325 2903 440 2979; x_wconf 89' lang='lat' dir='ltr'>singulis</span> <span class='ocrx_word' id='word_1_254' title='bbox 453 2919 563 2978; x_wconf 86' lang='lat' dir='ltr'>quoque</span> <span class='ocrx_word' id='word_1_255' title='bbox 575 2901 666 2975; x_wconf 88' lang='lat' dir='ltr'>rebus,</span> <span class='ocrx_word' id='word_1_256' title='bbox 683 2919 751 2976; x_wconf 91' lang='lat' dir='ltr'>quae</span> <span class='ocrx_word' id='word_1_257' title='bbox 765 2919 815 2976; x_wconf 94' lang='lat' dir='ltr'>per</span> <span class='ocrx_word' id='word_1_258' title='bbox 826 2899 1063 2956; x_wconf 88' lang='lat' dir='ltr'>fideicommissum</span> 
     </span>
     <span class='ocr_line' id='line_1_33' title="bbox 86 2985 1063 3064; baseline -0.005 -19"><span class='ocrx_word' id='word_1_259' title='bbox 86 2988 294 3064; x_wconf 84' lang='lat' dir='ltr'>relinquuntur,</span> <span class='ocrx_word' id='word_1_260' title='bbox 310 2988 403 3044; x_wconf 91' lang='lat' dir='ltr'>eadem</span> <span class='ocrx_word' id='word_1_261' title='bbox 417 2989 536 3047; x_wconf 92' lang='lat' dir='ltr'>retentio</span> <span class='ocrx_word' id='word_1_262' title='bbox 550 2988 681 3061; x_wconf 89' lang='lat' dir='ltr'>permissa</span> <span class='ocrx_word' id='word_1_263' title='bbox 690 2994 741 3042; x_wconf 90' lang='lat' dir='ltr'>est.</span> <span class='ocrx_word' id='word_1_264' title='bbox 771 2993 836 3060; x_wconf 92' lang='lat' dir='ltr'>post</span> <span class='ocrx_word' id='word_1_265' title='bbox 851 2985 925 3059; x_wconf 92' lang='lat' dir='ltr'>quod</span> <span class='ocrx_word' id='word_1_266' title='bbox 939 2993 1063 3041; x_wconf 88' lang='lat' dir='ltr'>senatus·</span> 
     </span>
     <span class='ocr_line' id='line_1_34' title="bbox 88 3069 1061 3148; baseline -0.005 -18"><span class='ocrx_word' id='word_1_267' title='bbox 88 3073 249 3130; x_wconf 91' lang='lat' dir='ltr'>consultum</span> <span class='ocrx_word' id='word_1_268' title='bbox 269 3074 328 3148; x_wconf 87' lang='lat' dir='ltr'>ipse</span> <span class='ocrx_word' id='word_1_269' title='bbox 343 3074 423 3130; x_wconf 91' lang='lat' dir='ltr'>heres</span> <span class='ocrx_word' id='word_1_270' title='bbox 439 3089 521 3128; x_wconf 88' lang='lat' dir='ltr'>onere</span> <span class='ocrx_word' id='word_1_271' title='bbox 536 3071 696 3128; x_wconf 87' lang='lat' dir='ltr'>hereditaria</span> <span class='ocrx_word' id='word_1_272' title='bbox 711 3069 875 3126; x_wconf 91' lang='lat' dir='ltr'>sustinebat:</span> <span class='ocrx_word' id='word_1_273' title='bbox 898 3069 943 3126; x_wconf 89' lang='lat' dir='ltr'>ille</span> <span class='ocrx_word' id='word_1_274' title='bbox 961 3079 1061 3139; x_wconf 90' lang='lat' dir='ltr'>autem,</span> 
     </span>
     <span class='ocr_line' id='line_1_35' title="bbox 91 3155 1062 3232; baseline -0.007 -18"><span class='ocrx_word' id='word_1_275' title='bbox 91 3159 138 3232; x_wconf 87' lang='lat' dir='ltr'>qni</span> <span class='ocrx_word' id='word_1_276' title='bbox 154 3175 187 3214; x_wconf 79' lang='lat' dir='ltr'>ex</span> <span class='ocrx_word' id='word_1_277' title='bbox 202 3155 411 3214; x_wconf 86' lang='lat' dir='ltr'>fideicommisso</span> <span class='ocrx_word' id='word_1_278' title='bbox 427 3158 530 3231; x_wconf 87' lang='lat' dir='ltr'>recepit</span> <span class='ocrx_word' id='word_1_279' title='bbox 551 3164 653 3231; x_wconf 92' lang='lat' dir='ltr'>partem</span> <span class='ocrx_word' id='word_1_280' title='bbox 667 3155 841 3227; x_wconf 91' lang='lat' dir='ltr'>hereditatis,</span> <span class='ocrx_word' id='word_1_281' title='bbox 861 3155 986 3230; x_wconf 83' lang='lat' dir='ltr'>legatarii</span> <span class='ocrx_word' id='word_1_282' title='bbox 1000 3170 1062 3228; x_wconf 92' lang='lat' dir='ltr'>par·</span> 
     </span>
     <span class='ocr_line' id='line_1_36' title="bbox 91 3237 1062 3316; baseline -0.006 -18"><span class='ocrx_word' id='word_1_283' title='bbox 91 3243 162 3298; x_wconf 92' lang='lat' dir='ltr'>tiarii</span> <span class='ocrx_word' id='word_1_284' title='bbox 177 3243 240 3299; x_wconf 89' lang='lat' dir='ltr'>loeo</span> <span class='ocrx_word' id='word_1_285' title='bbox 256 3251 329 3314; x_wconf 86' lang='lat' dir='ltr'>erat,</span> <span class='ocrx_word' id='word_1_286' title='bbox 350 3241 377 3298; x_wconf 91' lang='lat' dir='ltr'>id</span> <span class='ocrx_word' id='word_1_287' title='bbox 399 3249 441 3298; x_wconf 90' lang='lat' dir='ltr'>est</span> <span class='ocrx_word' id='word_1_288' title='bbox 456 3243 514 3298; x_wconf 92' lang='lat' dir='ltr'>eins</span> <span class='ocrx_word' id='word_1_289' title='bbox 528 3241 667 3316; x_wconf 84' lang='lat' dir='ltr'>legatarii,</span> <span class='ocrx_word' id='word_1_290' title='bbox 691 3241 735 3297; x_wconf 90' lang='lat' dir='ltr'>cui</span> <span class='ocrx_word' id='word_1_291' title='bbox 754 3255 817 3315; x_wconf 90' lang='lat' dir='ltr'>pars</span> <span class='ocrx_word' id='word_1_292' title='bbox 837 3238 970 3296; x_wconf 87' lang='lat' dir='ltr'>bonorum</span> <span class='ocrx_word' id='word_1_293' title='bbox 988 3237 1062 3311; x_wconf 85' lang='lat' dir='ltr'>lega-</span> 
     </span>
    </p>
   </div>
   <div class='ocr_carea' id='block_1_5' title="bbox 147 3375 297 3384">
    <p class='ocr_par' dir='ltr' id='par_1_6' title="bbox 147 3375 297 3384">
     <span class='ocr_line' id='line_1_37' title="bbox 147 3375 297 3384; baseline -0.013 0"><span class='ocrx_word' id='word_1_294' title='bbox 147 3375 297 3384; x_wconf 58' lang='grc' dir='ltr'>-..ι-..-</span> 
     </span>
    </p>
   </div>
   <div class='ocr_carea' id='block_1_6' title="bbox 7 3433 1060 3574">
    <p class='ocr_par' dir='ltr' id='par_1_7' title="bbox 7 3433 1060 3574">
     <span class='ocr_line' id='line_1_38' title="bbox 7 3433 1060 3506; baseline -0.005 -18"><span class='ocrx_word' id='word_1_295' title='bbox 7 3485 8 3488; x_wconf 76' lang='grc'>,</span> <span class='ocrx_word' id='word_1_296' title='bbox 164 3441 183 3506; x_wconf 78' lang='lat'>¹)</span> <span class='ocrx_word' id='word_1_297' title='bbox 202 3443 244 3504; x_wconf 59' lang='grc' dir='ltr'>ἕξ.</span> <span class='ocrx_word' id='word_1_298' title='bbox 262 3441 344 3492; x_wconf 79' lang='lat' dir='ltr'>c...6</span> <span class='ocrx_word' id='word_1_299' title='bbox 360 3442 418 3502; x_wconf 80' lang='lat' dir='ltr'>sere</span> <span class='ocrx_word' id='word_1_300' title='bbox 436 3461 469 3482; x_wconf 90' lang='lat'>=-</span> <span class='ocrx_word' id='word_1_301' title='bbox 489 3441 545 3493; x_wconf 78' lang='lat' dir='ltr'>Gai.</span> <span class='ocrx_word' id='word_1_302' title='bbox 564 3441 591 3497; x_wconf 77' lang='lat'>2,</span> <span class='ocrx_word' id='word_1_303' title='bbox 611 3441 670 3490; x_wconf 78' lang='lat'>248.</span> <span class='ocrx_word' id='word_1_304' title='bbox 689 3439 747 3489; x_wconf 80' lang='lat'>250.</span> <span class='ocrx_word' id='word_1_305' title='bbox 766 3440 825 3488; x_wconf 78' lang='lat'>251.</span> <span class='ocrx_word' id='word_1_306' title='bbox 844 3435 1004 3486; x_wconf 75' lang='lat' dir='ltr'>253...2ttt.</span> <span class='ocrx_word' id='word_1_307' title='bbox 1039 3433 1060 3496; x_wconf 79' lang='lat'>²)</span> 
     </span>
     <span class='ocr_line' id='line_1_39' title="bbox 88 3505 790 3574; baseline -0.006 -14"><span class='ocrx_word' id='word_1_308' title='bbox 88 3511 153 3560; x_wconf 70' lang='lat' dir='ltr'>Gai.</span> <span class='ocrx_word' id='word_1_309' title='bbox 174 3509 285 3574; x_wconf 82' lang='lat' dir='ltr'>Theoph.</span> <span class='ocrx_word' id='word_1_310' title='bbox 305 3511 348 3560; x_wconf 91' lang='lat' dir='ltr'>cui</span> <span class='ocrx_word' id='word_1_311' title='bbox 366 3525 413 3559; x_wconf 86' lang='lat' dir='ltr'>om.</span> <span class='ocrx_word' id='word_1_312' title='bbox 432 3510 506 3560; x_wconf 85' lang='lat' dir='ltr'>codd.</span> <span class='ocrx_word' id='word_1_313' title='bbox 526 3509 584 3558; x_wconf 84' lang='lat' dir='ltr'>edd.</span> <span class='ocrx_word' id='word_1_314' title='bbox 605 3507 678 3559; x_wconf 84' lang='lat' dir='ltr'>Scbr.</span> <span class='ocrx_word' id='word_1_315' title='bbox 698 3513 723 3556; x_wconf 87' lang='lat' dir='ltr'>et</span> <span class='ocrx_word' id='word_1_316' title='bbox 740 3505 790 3556; x_wconf 86' lang='lat' dir='ltr'>Kr.</span> 
     </span>
    </p>
   </div>
   <div class='ocr_carea' id='block_1_7' title="bbox 0 0 1248 3916">
    <p class='ocr_par' dir='ltr' id='par_1_8' title="bbox 0 0 1248 3916">
     <span class='ocr_line' id='line_1_40' title="bbox 0 0 1248 3916; baseline 0 0"><span class='ocrx_word' id='word_1_317' title='bbox 0 0 1248 3916; x_wconf 95' lang='lat' dir='ltr'> </span> 
     </span>
    </p>
   </div>
  </div>
 </body>
</html>
