2486 3916
156 247 193 283 nu
211 245 457 286 excusarronmos
476 247 611 284 ruroson
629 249 683 286 var.
702 249 873 288 suessonum
882 237 904 301 1,
918 241 960 290 25.
1021 239 1062 304 31

159 388 304 446 Sciendum
320 397 410 446 autem
426 399 478 462 est,
495 407 550 448 non
566 390 655 446 solum
676 399 782 448 tutores
802 393 845 449 vel
861 403 998 452 curatores
1014 411 1063 470 pu·
1081 410 1096 458 e

91 473 169 549 pillis
186 480 214 529 et
228 473 327 530 adultis
347 477 499 548 ceterisque
520 477 645 548 personis
666 493 698 532 ex
718 476 949 550 administratione
965 483 1062 553 teneri,

91 558 239 614 sedetiam
259 559 288 614 in
309 574 371 630 eos,
394 561 440 632 qui
462 555 682 616 satisdationem¹
705 563 855 635 accipiunt,
876 563 1062 621 subsidiariam

89 643 229 698 actionem
249 658 325 714 esse,
353 659 421 718 quae
441 644 565 700 ultimum
592 646 630 700 eis
653 645 816 718 praesidium
843 650 930 721 possit
956 639 1060 705 ailerre.

88 725 253 782 subsidiaria
269 734 359 783 autem
375 729 444 784 actio
466 729 588 784 daturin
603 745 667 800 eos,
689 731 736 802 qui
750 729 794 786 vel
809 733 919 788 omniuo
934 750 949 788 a
963 736 1062 790 tutori·

88 810 143 866 bus
165 809 208 866 vel
228 810 398 868 curatoribus
418 812 541 868 satisdari
562 829 617 868 non
637 815 806 886 curaverint,
828 823 875 870 aut
894 832 949 874 uon
964 817 1062 874 idonee

88 897 167 970 passi
183 903 275 951 essent
291 897 388 952 caveri.
421 913 490 971 quae
505 897 615 970 quidem
636 905 690 953 tam
712 915 744 954 er
759 897 934 972 prudentium
948 917 1062 975 respon·

88 982 130 1035 sis
147 995 228 1054 quam
243 996 276 1035 eu
291 980 533 1038 constitutionibus
549 981 731 1055 imperialibus
752 991 780 1038 et
793 985 822 1038 in
837 984 951 1040 heredes
966 1001 1061 1041 eorum

88 1064 258 1120 extenditur.
275 1062 377 1133 Quibus
390 1065 631 1122 constitutionibus
647 1075 675 1123 et
689 1067 756 1124 illud
768 1070 936 1142 exprimitur,
953 1077 993 1141 ut,
1009 1071 1061 1128 nisi
1079 1085 1095 1131 3

88 1156 206 1206 caveant
220 1157 326 1206 tutores
348 1150 391 1206 vel
411 1159 565 1222 curatores,
587 1151 748 1226 pignoribus
769 1153 854 1226 captis
875 1163 1059 1213 coerceantur.

87 1233 187 1308 Neque
207 1241 296 1289 autem
315 1234 467 1308 praefectus
496 1235 570 1290 urbis
596 1252 686 1310 neque
711 1244 823 1310 praetor
842 1254 931 1312 neque
952 1255 1060 1313 praeses
1078 1253 1095 1300 4

90 1319 249 1392 provinciae
269 1335 359 1393 neque
381 1321 441 1394 quis
462 1319 547 1391 alius,
574 1322 618 1376 oui
639 1328 745 1376 tutores
766 1320 845 1377 dandi
869 1324 911 1378 ius
932 1332 990 1394 est,
1011 1323 1061 1379 hac

91 1403 202 1458 actione
217 1401 365 1460 tenebitur:
385 1403 434 1461 sed
455 1403 483 1460 lii
504 1405 706 1476 tantummodo,
728 1406 775 1478 qui
789 1405 991 1462 satisdationem
1007 1409 1061 1462 esi·

92 1502 164 1561 gere
178 1486 275 1544 solent.

505 1717 562 1759 TIT.
575 1719 648 1759 XXV.

107 1836 160 1886 DE
179 1835 496 1888 EXCUSATIONIBUS
514 1837 697 1890 TUTORUM
714 1839 787 1890 VEL
806 1838 1043 1892 CURATORUM.
1104 1913 1108 1920 ι

155 1991 326 2050 Excusantur
346 2001 435 2050 autem
456 2001 562 2050 tutores
582 1994 625 2050 vel
645 2002 784 2051 curatores
805 1997 883 2051 variis
904 2013 936 2052 ex
951 1992 1111 2061 'causisurn

89 2078 255 2152 plerumque
276 2067 366 2134 au't'em
386 2086 498 2153 propter
517 2078 634 2150 liberos,
655 2081 711 2134 sive
731 2081 760 2134 in
779 2088 917 2152 potestate
932 2082 988 2135 siut
1004 2083 1060 2136 sive

89 2163 264 2236 emancipati.
294 2163 401 2219 sienim
416 2171 472 2218 tres
484 2161 585 2218 liberos
597 2164 657 2236 quis
672 2164 835 2236 superstites
851 2162 949 2218 Romae
965 2163 1061 2219 habeat

89 2247 133 2302 vel
148 2248 177 2302 in
198 2245 273 2302 ltalia
294 2256 423 2321 quattuor
443 2247 486 2302 vel
506 2249 534 2302 in
553 2248 698 2321 provinciis
720 2247 856 2320 quinque,
878 2264 892 2303 a
912 2247 998 2303 tutela
1018 2248 1061 2304 vel

89 2348 156 2388 cura
170 2337 289 2405 possunt
310 2333 430 2388 excusari
452 2331 575 2406 exemplo
595 2339 748 2387 ceterorum
770 2347 928 2388 munerum:
949 2349 1010 2388 nam
1033 2341 1061 2388 et

89 2415 208 2472 tutelam
223 2425 250 2472 et
265 2433 356 2472 curam
376 2417 478 2491 placuit
496 2415 634 2491 publicum
654 2432 753 2472 munus
773 2432 842 2472 esse.
879 2416 927 2473 sed
943 2416 1062 2491 adoptivi

89 2499 171 2557 liberi
192 2517 248 2556 nou
268 2509 401 2575 prosunt,
422 2503 450 2556 iu
470 2501 644 2575 adoptionem
665 2509 756 2556 autem
777 2501 832 2556 dati
853 2502 969 2557 naturali
990 2503 1061 2576 patri

90 2593 220 2659 prosunt.
247 2586 315 2642 item
329 2593 444 2659 nepotes
456 2601 489 2641 ex
504 2583 560 2641 filio
570 2595 698 2659 prosunt,
713 2594 744 2641 ut
758 2587 787 2640 iu
801 2586 892 2642 locum
903 2588 988 2659 patris
1000 2603 1061 2642 suc·

91 2669 203 2726 cedant:
220 2686 253 2726 ex
268 2668 322 2726 iilia
336 2687 392 2726 nou
406 2677 531 2744 prosunt.
563 2670 611 2725 lilii
625 2678 715 2726 autem
731 2672 892 2743 superstites
909 2677 1012 2725 tantum
1028 2668 1061 2725 ad

91 2754 196 2810 tutelae
211 2754 253 2810 vel
268 2771 348 2811 curae
364 2755 483 2810 muueris
499 2755 698 2810 excusationem
712 2763 843 2828 prosunt:
863 2753 984 2809 deluneti
1005 2770 1061 2809 uon

91 2848 219 2912 prosunt.
250 2838 298 2894 sed
313 2841 336 2895 si
351 2840 379 2896 in
393 2838 466 2894 bello
478 2840 567 2894 amissi
582 2847 656 2910 sunt,
669 2840 821 2912 quaesitum
831 2845 883 2909 est,
899 2854 932 2894 an
943 2839 1060 2912 prosint.

92 2931 119 2978 et
134 2931 254 2996 constat,
270 2939 317 2980 eos
333 2923 408 2980 solos
423 2923 564 2997 prodesse,
581 2924 628 2997 qui
641 2924 669 2978 in
681 2924 736 2978 acie
748 2925 923 2979 amittuntur:
939 2923 966 2978 hi
978 2924 1060 2995 enim,

92 3009 156 3082 quia
170 3025 221 3082 pro
243 3007 396 3081 republica
416 3007 586 3079 ceciderunt,
607 3009 811 3081 inperpetuum
827 3024 877 3081 per
891 3007 1006 3082 gloriam
1023 3009 1061 3063 vi·

92 3109 156 3148 vere
170 3092 380 3167 intelleguntur.
415 3091 483 3148 ltem
503 3092 580 3148 divus
602 3091 706 3148 llarcus
726 3093 754 3148 in
774 3091 949 3148 semestribus
965 3093 1094 3157 rusori-1

92 3178 159 3250 psit,
174 3193 248 3249 eum,
264 3179 370 3252 quires
386 3175 443 3233 iisci
459 3176 636 3248 administrat,
658 3193 672 3231 a
689 3177 772 3232 tutela
786 3176 829 3232 vel
844 3193 918 3249 eura,
934 3176 1061 3250 quamdiu

93 3261 280 3334 administrat,
301 3263 423 3318 excusari
442 3278 533 3335 posse.
563 3261 630 3318 ltem
651 3262 698 3335 qui
717 3266 757 3318 rei
777 3259 900 3336 publicae
921 3276 1000 3317 eausa
1015 3258 1060 3314 ab·
1079 3277 1095 3324 2

162 3526 181 3592 ¹)
202 3527 227 3578 B
249 3527 362 3608 Tleopb
382 3527 580 3580 satisdationes
596 3527 619 3576 T
633 3528 694 3578 edd.
707 3525 780 3576 Sebr.
802 3532 826 3574 et
844 3524 894 3574 Kr.
