2484 3916
437 205 473 240 nn
493 207 613 242 usuum
631 192 668 256 11,
686 194 729 244 20.
976 163 980 172 Ι
1027 193 1069 256 89

100 357 127 404 et
141 349 228 422 possit
243 361 292 421 per
303 363 364 404 eum
376 365 484 403 servum
499 347 567 404 alius
578 349 657 404 heres
669 347 750 418 effici,
766 351 789 404 si
801 351 887 423 prius,
900 367 979 422 quam
990 352 1069 406 iussu

85 433 200 488 'domini
216 431 309 504 adeat,
329 434 357 488 iu
372 432 483 488 alterius
502 439 666 506 potestatem
683 433 827 489 translatus
842 436 895 506 sit,
918 434 961 489 vel
976 451 1069 490 mauu·

99 519 195 572 missus
210 517 270 590 ipse
285 517 364 572 heres
385 514 517 572 efficitur:
540 515 637 590 quibus
658 516 764 573 casibus
785 518 852 574 utile
870 526 912 574 est
932 517 1068 592 legatum:

99 599 196 674 quodsi
216 603 244 656 in
266 600 357 656 eadem
373 617 452 657 causa
472 601 652 675 permanserit
675 609 703 656 et
723 602 800 658 iussu
821 601 945 676 legatarii
960 602 1068 674 adierit,

98 685 234 740 evanescit
247 684 377 758 legatum.
402 678 492 740 ¹Ante
504 685 611 741 heredis
625 685 826 742 institutlonem
841 687 974 742 inutiliter
988 695 1066 756 autea
1085 696 1118 744 34

98 768 250 843 legabatur,
266 769 369 826 scilicet
381 771 444 842 quia
459 776 621 825 testamenta
636 772 689 826 vim
702 787 735 826 ex
749 771 922 828 institutione
938 771 1068 827 heredum

97 854 233 926 accipiunt
248 860 277 909 et
292 852 327 908 ob
341 853 369 908 id
383 853 469 909 veluti
483 861 564 928 caput
583 853 884 928 atque‘luudamentum
899 854 1069 929 intellegitur

98 939 183 994 totius
198 939 355 994 testamenti
370 937 477 994 heredis
498 939 645 994 institutio.
681 941 740 1013 parl
760 941 865 996 ratione
887 955 938 995 nec
957 938 1068 995 libertas

97 1030 158 1078 ante
174 1021 282 1078 heredis
297 1023 497 1078 institutionem
512 1021 569 1078 dari
583 1029 700 1097 poterat.
738 1023 786 1079 sed
809 1025 871 1098 quia
886 1023 992 1080 incivile
1008 1039 1068 1079 esse

96 1107 260 1181 putavimus,
276 1106 398 1162 ordinem
415 1107 522 1180 quidem
535 1109 685 1181 scripturae
700 1109 779 1182 sequi
791 1107 875 1182 (quod
891 1116 918 1164 et
933 1109 985 1182 ipsi
1000 1110 1068 1164 anti·

97 1193 194 1265 quitati
213 1191 421 1266 vituperandum
447 1191 537 1247 luerat
555 1191 670 1263 visum),
699 1194 792 1266 sperni
817 1201 906 1250 nutem
928 1195 1068 1249 testatoris

95 1276 277 1332 voluntatem:
293 1291 344 1349 per
357 1281 479 1331 nostram
494 1269 739 1333 constitutionem²
758 1284 787 1332 et
800 1277 854 1334 boc
868 1278 962 1332 vitium
978 1293 1069 1334 emen·

97 1360 228 1431 (lavimus,
244 1367 275 1416 ut
290 1359 370 1416 liceat
384 1368 412 1416 et
426 1368 488 1416 ante
502 1360 610 1416 heredis
625 1361 827 1417 iustitutionem
839 1369 867 1417 et
880 1362 953 1417 inter
968 1362 1067 1417 medias

96 1443 226 1501 heredum
241 1445 427 1501 institutiones
442 1443 562 1518 legatum
577 1443 732 1518 relinquere
748 1454 775 1501 et
786 1445 873 1502 multo
889 1447 974 1520 magis
989 1445 1069 1502 liber·

95 1537 190 1600 tatem,
207 1531 282 1586 cuius
298 1546 365 1586 ttsus
381 1528 552 1585 lavorabilior
567 1537 619 1585 est.
652 1521 736 1585 3Post
757 1537 873 1586 mortem
895 1546 1005 1604 quoque
1020 1531 1068 1586 he-
1085 1533 1118 1582 35

93 1613 168 1669 redis
192 1621 238 1669 aut
259 1614 381 1688 legatarii
400 1614 482 1670 simili
501 1613 583 1669 modo
604 1613 737 1670 inutiliter
756 1613 911 1688 legebatur:
940 1614 1025 1671 veluti
1045 1616 1069 1671 si

94 1700 155 1772 quis
173 1699 211 1754 ita
226 1697 310 1754 dicat:
333 1715 397 1757 unu
417 1714 519 1756 rannus
539 1713 623 1756 unus
638 1714 788 1756 moncons
803 1715 895 1772 nuru,
910 1715 953 1756 no
968 1714 1068 1758 cneo:

92 1785 159 1839 item
176 1799 286 1840 rmum
303 1799 390 1848 cusu
403 1797 504 1840 nunna
519 1799 584 1842 sur
603 1798 804 1842 necteremus
818 1799 990 1843 uenturus.
1020 1783 1068 1840 setl

93 1867 178 1924 simili
192 1867 273 1922 modo
290 1875 318 1922 et
333 1867 386 1923 hoc
400 1869 567 1924 correximus
575 1860 598 1939 ,⁴
618 1866 773 1924 firmitatem
794 1867 949 1924 huiusmodi
970 1868 1068 1943 legatis

92 1953 124 2010 ad
140 1951 415 2008 fideicommissorum
430 1951 633 2008 similitudinem
647 1959 832 2025 praestantes,
859 1970 894 2008 ne
915 1953 957 2008 vel
971 1954 1001 2009 iu
1016 1954 1069 2009 hoc
1138 2025 1142 2032 ι

93 2055 157 2093 casu
175 2035 297 2091 deterior
311 2040 391 2092 causti
404 2036 558 2110 legatorum
573 2052 654 2109 quam
664 2034 934 2093 fideicommissorum
949 2038 1068 2093 invenia-

89 2131 146 2178 tur.
184 2113 308 2177 ⁵Poenae
324 2137 435 2194 quoque
446 2121 554 2176 nomine
565 2119 698 2176 inutiliter
712 2119 853 2194 legabatur
864 2129 892 2176 et
902 2119 1069 2176 adimebatur
1086 2129 1119 2178 33

92 2207 134 2262 vel
149 2203 375 2262 transierebatur.
405 2221 509 2279 poenae
524 2211 614 2260 autem
628 2205 736 2260 nomine
750 2204 836 2278 legari
851 2203 973 2275 videtur,
995 2205 1070 2278 quod

92 2289 240 2348 coercendi
253 2289 360 2346 heredis
375 2305 455 2346 causa
468 2287 647 2362 relinquitur,
664 2305 719 2364 quo
734 2289 819 2362 magis
834 2290 857 2344 is
872 2288 975 2364 aliquid
990 2288 1069 2346 iaciat

92 2382 215 2432 autnon
234 2373 327 2430 faciat:
349 2373 433 2430 veluti
453 2375 477 2429 si
497 2375 557 2447 quis
579 2374 617 2428 ita
638 2374 792 2448 scripserit:
815 2389 917 2432 nunus
937 2389 1022 2432 unus
1039 2391 1069 2434 ει

91 2475 206 2518 riuum
222 2475 306 2517 sunu
320 2475 353 2517 nt
366 2473 591 2517 marmorearum
606 2474 696 2517 nmo
713 2473 952 2517 conuoosvnnm
967 2457 1020 2533 (rel
1036 2476 1068 2516 ex

91 2545 204 2600 diverso
221 2559 250 2602 sr
265 2560 329 2601 nou
345 2541 610 2614 conuocaretur),
625 2557 711 2601 nuno
726 2559 833 2602 nncnu
846 2559 969 2601 cunnos
986 2559 1068 2616 suro,

92 2639 139 2685 aut
151 2629 178 2684 si
188 2629 226 2684 ita
241 2629 395 2702 scripserit:
406 2643 507 2686 nunus
520 2631 602 2686 usus
614 2643 643 2686 sr
656 2643 780 2687 suevum
792 2643 930 2686 sumnum
939 2644 1069 2686 aurnun-

92 2729 191 2772 vnrur
213 2711 267 2785 (vel
287 2729 320 2768 ex
340 2712 448 2768 diverso
470 2728 499 2770 sr
519 2728 584 2770 urin
597 2710 838 2784 summarum),
859 2727 945 2770 rrrro
960 2728 1069 2770 ononis

91 2813 219 2857 annuos
233 2813 329 2855 nuno.
361 2805 389 2854 et
403 2798 432 2854 in
446 2803 551 2853 tantum
563 2797 629 2854 haec
640 2795 735 2872 regula
749 2795 951 2868 observabatur,
963 2804 995 2854 ut
1005 2813 1068 2871 per·

93 2881 320 2956 quampluribus
340 2879 532 2956 principalibus
553 2880 794 2938 constitutionibus
810 2878 997 2956 significetur,
1018 2898 1069 2938 neo

91 2968 244 3041 principem
260 2965 369 3040 quidem
383 2981 548 3040 agnoscere,
571 2965 644 3039 quod
665 2967 690 3021 ei
704 2982 808 3039 poenae
823 2967 933 3022 nomine
948 2965 1069 3040 legatum

93 3053 140 3106 sit.
166 3067 229 3108 nec
250 3068 283 3107 ex
303 3051 396 3107 militis
424 3049 531 3124 quidem
552 3057 716 3106 testamento
741 3049 805 3106 talia
825 3048 915 3124 legata
934 3049 1068 3123 valebant,

91 3201 298 3210 ..ὴ-

167 3281 186 3347 1)
204 3287 258 3336 init.
274 3285 334 3348 sere
352 3305 386 3325 =
406 3283 462 3334 Gal.
481 3285 504 3340 2,
524 3284 581 3335 229.
600 3283 658 3333 230.
720 3280 740 3344 2)
758 3282 790 3331 L.
809 3284 851 3334 24.
872 3281 900 3336 0,
920 3283 952 3332 de
970 3289 1067 3333 testam.

94 3351 131 3412 (6,
154 3349 208 3418 23).
261 3350 283 3415 ³)
300 3353 355 3405 init.
373 3352 435 3415 fere
452 3372 486 3392 =
505 3351 561 3401 Gai.
581 3352 604 3410 2,
623 3352 683 3402 232.
735 3347 755 3412 ⁴)
780 3351 812 3402 L.
833 3352 872 3398 11.
894 3349 920 3399 0.
941 3351 973 3400 de
985 3357 1068 3402 contr.

93 3421 257 3538 {gecoknurpt'tt
284 3422 344 3484 stip.
372 3419 412 3483 (8,
432 3421 464 3470 37
481 3421 514 3470 αἱ.
534 3417 586 3482 38).
673 3415 693 3480 ⁵)
716 3421 812 3481 partim
829 3437 862 3458 =
882 3416 939 3470 Gai.
962 3417 990 3476 2,
1009 3419 1067 3468 235.
