2484 3916
321 228 357 262 mc
377 191 471 264 aaron
491 227 638 264 mvrsrour
656 187 692 272 11]
714 217 735 267 l.
975 211 1016 276 37

38 371 109 426 dnm
132 376 272 424 mortuum
293 368 374 425 iniert
394 370 422 424 in
449 370 539 425 locum
561 386 648 426 sunm.
685 371 713 425 in
733 385 903 426 communem
925 379 1013 426 antem

38 455 135 510 locum
153 469 252 527 purum
266 455 351 509 invito
366 453 440 510 socio
456 453 557 510 interro
578 471 634 510 non
650 453 726 509 licet:
747 453 774 509 in
790 469 933 510 commune
950 471 1014 510 vero

38 537 204 612 sepulcrum
219 540 299 594 etiam
321 539 411 594 invitis
432 540 530 594 ceteris
552 539 616 594 licet
635 537 744 594 inferre.
781 539 845 594 item
867 540 890 594 si
912 540 1015 595 alienus

39 622 222 678 ususfructus
244 629 302 694 cst,
323 623 532 696 proprietarium
553 623 656 696 placet,
677 623 728 678 nisi
749 623 937 680 consentiente
952 639 1017 678 usu·

40 708 208 778 fructuario,
220 706 308 762 lomim
321 706 480 782 religiosum
490 723 546 763 non
557 706 654 764 iacere.
675 708 703 762 in
714 706 830 763 alienum
841 706 941 780 iocum,
953 725 1018 764 con·

6 813 8 816 ·
39 791 161 848 cedente
177 790 303 864 domino,
323 791 387 847 licet
402 790 516 847 inierre:
538 798 565 847 et
580 791 644 852 licet
664 798 759 865 postea
780 799 866 846 ratum
883 791 1016 862 habuerit,

39 891 126 949 qnam
142 875 235 932 iiiatus
250 884 292 930 est
304 882 439 946 mortuns,
455 883 544 932 tamen
559 876 705 950 religiosus
721 875 797 931 iocus
813 874 852 930 fit.
887 868 1016 932 ¹Sanctae
1036 889 1068 936 10

39 976 159 1033 qnoque
178 975 238 1031 res,
261 960 344 1016 veluti
365 962 435 1018 muri
456 968 483 1016 et
503 968 613 1034 portae,
635 959 833 1034 quodammodo
854 960 936 1016 divini
951 961 1016 1016 iuris

40 1053 111 1100 sunt
127 1053 157 1100 et
171 1042 233 1100 ideo
248 1045 348 1100 nuliius
364 1045 390 1100 iu
411 1044 490 1101 bonis
505 1052 578 1100 sunt.
609 1045 671 1100 ideo
694 1051 783 1100 antem
800 1061 892 1100 muros
908 1053 1016 1102 sanctos

41 1129 178 1200 dicimus,
201 1129 263 1202 qnia
283 1137 372 1203 poena
391 1131 485 1203 capitis
505 1131 653 1185 constituta
674 1131 710 1185 sit
724 1130 751 1188 iu
767 1145 830 1200 eos,
853 1131 900 1202 qni
915 1129 1016 1203 aliquid
1059 1148 1065 1160 ’

40 1215 69 1268 in
86 1229 184 1268 muros
201 1212 373 1286 deliquerint.
404 1213 465 1269 ideo
480 1222 508 1269 et
523 1213 615 1289 legum
628 1229 671 1270 eas
683 1222 786 1288 partes,
802 1213 899 1287 quibus
914 1229 1016 1288 poenas

41 1298 238 1354 constituimus
250 1297 378 1354 adversus
390 1315 448 1370 eos,
464 1299 509 1372 qni
522 1307 616 1354 contra
630 1298 706 1372 leges
722 1298 845 1369 iecerint,
862 1301 1015 1355 sanctiones

43 1397 184 1438 vocamus.

109 1461 307 1540 ²Singnlornm
323 1474 412 1524 autem
428 1466 566 1522 hominnm
583 1467 675 1522 multis
691 1466 777 1522 modis
793 1483 837 1522 res
853 1464 935 1521 finnt:
952 1483 1016 1540 qna·
1035 1476 1066 1525 11

42 1550 160 1606 rundam
176 1551 246 1606 enim
261 1567 352 1606 rernm
362 1550 510 1608 dominium
524 1553 704 1608 nanciscimur
718 1552 778 1606 iure
789 1550 914 1622 naturali,
931 1551 1016 1624 quod,
1104 1561 1107 1568 '

43 1639 115 1692 sicut
136 1633 268 1706 diximus,
289 1635 441 1708 appellatur
462 1637 504 1690 ins
519 1637 657 1710 gentium,
680 1635 846 1710 quarundam
860 1637 919 1692 iure
935 1635 1015 1692 civili.

45 1718 216 1774 commodius
238 1727 279 1774 est
298 1721 390 1793 itaque
411 1737 424 1775 a
446 1721 595 1776 vetusti0re
621 1722 679 1776 inre
699 1721 828 1796 incipere.
865 1721 952 1794 palam
974 1731 1018 1777 est

45 1813 153 1874 autern,
169 1805 302 1858 vetustius
318 1820 378 1859 esse
394 1804 515 1860 naturale
530 1805 588 1876 ina,
609 1805 684 1878 qnod
699 1821 760 1860 cum
775 1807 835 1879 ipso
852 1821 952 1880 genere
965 1806 1016 1861 hn-

44 1905 123 1943 mano
141 1903 232 1943 rerum
248 1895 342 1943 natura
357 1888 490 1962 prodidit:
511 1889 598 1945 civilia
619 1891 690 1946 enim
711 1891 774 1966 iura¹
786 1899 851 1947 tnnc
865 1899 1015 1964 coeperunt

46 1965 137 2044 esse,³
159 1988 221 2028 oum
243 1980 270 2028 et
290 1973 410 2029 civitates
430 1973 511 2030 condi
537 1983 565 2030 et
591 1977 764 2049 magistratus
784 1976 869 2030 creari
890 1983 917 2030 et
937 1974 1015 2049 leges

46 2057 126 2113 scribi
143 2063 304 2129 coeperunt.

108 2137 213 2196 ⁴i'crae
228 2142 313 2215 igitur
326 2141 428 2198 bestiae
449 2149 477 2198 ct
498 2142 622 2204 volucres
643 2150 670 2197 et
690 2144 794 2216 pisces,
815 2141 842 2196 id
864 2149 906 2196 est
927 2144 1015 2198 omnia
1036 2147 1068 2195 12

44 2225 182 2297 animalia,
204 2241 273 2299 quae
293 2227 321 2280 in
340 2233 414 2282 terra
434 2229 500 2282 mari
519 2227 594 2284 eaelo
614 2233 778 2296 nascuntur,
799 2225 962 2299 simulatque
984 2225 1016 2281 ab

45 2311 134 2384 aliquo
152 2318 229 2384 capta
245 2309 361 2383 inerint,
377 2313 436 2367 inre
451 2313 574 2386 gentium
590 2311 681 2366 statim
702 2309 775 2366 iilius
792 2326 851 2366 esse
867 2311 1015 2384 incipiunt:

46 2395 118 2467 qnod
135 2395 209 2450 enim
224 2401 286 2450 ante
301 2395 401 2452 nnllins
418 2405 475 2467 est,
491 2395 517 2452 id
534 2395 648 2451 naturali
664 2395 770 2450 ratione
792 2397 935 2468 occupanti
950 2412 1015 2451 con·

45 2479 159 2535 ceditur.
197 2495 248 2534 nec
265 2480 395 2552 interest,
416 2480 486 2538 ieras
507 2479 606 2536 bestias
627 2487 654 2536 et
670 2479 793 2535 volucres
814 2487 905 2534 utrum
922 2482 948 2535 in
963 2497 1015 2536 suo

46 2563 131 2619 inndo
149 2564 265 2637 quisque
281 2565 381 2637 capiat,
404 2582 438 2620 an
452 2567 480 2621 in
496 2565 598 2620 alieno:
621 2564 699 2638 plane
716 2565 804 2638 quiin
820 2563 937 2620 alienum
953 2565 1014 2620 inn-

46 2647 107 2702 dnm
123 2647 281 2722 ingreditur
296 2649 408 2704 venandi
424 2657 470 2704 ant
485 2648 634 2722 aucupandi
646 2650 742 2723 gratia,
758 2656 851 2723 potest
866 2649 1013 2719 adomino,

45 2734 66 2786 si
88 2734 111 2787 is
132 2731 299 2806 providerit,
326 2733 479 2806 prohiberi,
500 2750 534 2789 ne
554 2733 733 2807 ingrediatur.
771 2732 902 2807 quidquid
923 2741 1012 2787 antem

46 2833 139 2874 eorum
156 2817 272 2890 ceperis,
288 2833 321 2872 eo
332 2834 420 2891 usque
434 2827 511 2873 tnnrn
527 2834 587 2873 esse
602 2817 788 2892 intellegitur,
804 2817 891 2873 donec
907 2825 951 2872 tua
967 2833 1013 2872 cn·

45 2901 132 2956 stodia
148 2909 308 2958 coercetur:
329 2919 391 2957 enm
411 2918 476 2958 vero
492 2903 607 2958 evaserit
628 2902 778 2960 custodiam
793 2909 867 2957 tuam
882 2910 910 2957 et
925 2903 952 2957 in
967 2918 1014 2958 na·

45 2986 159 3044 turaiem
179 2983 331 3042 libertatem
353 3003 383 3042 se
404 2988 553 3059 receperit,
576 2994 653 3042 tunm
674 3004 734 3043 esse
755 2986 853 3042 desinit
874 2994 901 3042 et
917 3003 1013 3043 rursus

110 3233 131 3296 ¹)
149 3235 206 3286 tnta.
279 3234 334 3286 ctat.
352 3237 381 3292 2,
400 3235 424 3284 8.
448 3235 480 3286 L.
502 3237 514 3286 l
533 3252 575 3299 pr.
595 3237 628 3288 Ι).
648 3238 705 3288 cod.
791 3233 811 3298 ΙΙ)
829 3255 862 3276 ·-
880 3235 913 3289 L.
935 3240 947 3286 1
965 3253 1010 3300 pr.

42 3302 73 3352 D.
93 3304 126 3355 de
145 3318 202 3368 aeq.
221 3317 275 3358 rer,
294 3304 359 3354 dom.
378 3301 430 3366 (tt,
450 3299 475 3369 1)
494 3311 562 3360 mut..
581 3319 616 3354 ex
635 3304 693 3354 Gaii
710 3306 725 3352 t.
745 3306 759 3354 2
778 3319 830 3354 rer.
850 3311 920 3368 quot.
990 3301 1010 3364 3)

45 3369 67 3416 T
85 3370 201 3436 Titeopd.
220 3384 282 3420 esse
300 3371 379 3424 omitt.
399 3369 451 3420 AB
468 3372 508 3421 ed.
529 3371 579 3423 Kr.
664 3369 685 3433 4)
704 3371 743 3432 §5-
765 3373 879 3424 12...17
899 3371 958 3433 fere
975 3391 1009 3410 =

42 3437 74 3486 L.
94 3441 120 3488 3,
146 3439 170 3487 5.
196 3439 211 3487 t
236 3455 280 3502 pr.
312 3439 343 3492 D,
372 3439 406 3488 de
434 3455 490 3502 ocq.
518 3454 571 3487 rer.
599 3440 663 3489 dom.
691 3434 746 3502 (41,
766 3436 791 3500 1)
818 3454 853 3487 ecc
881 3438 939 3487 Gaii
965 3439 1015 3485 l.2

42 3520 94 3558 rer.
114 3513 186 3572 quoi.
