2464 3916
225 201 260 236 nn
280 201 423 236 suenone
443 202 478 236 se
497 201 671 238 vsunrrronra
691 187 741 250 Ill,
761 187 794 238 23
813 184 878 254 (tt).
985 185 1046 250 139

75 350 101 398 et
116 341 211 413 hodie,
233 341 295 398 dum
312 343 389 416 queri
403 359 458 398 non
473 349 581 418 potest,
602 344 736 416 scriptura
752 341 904 418 obligetur:
920 352 948 400 et
963 360 997 400 ex
1013 361 1043 400 ea

75 427 192 482 nascitur
220 425 373 498 condictio,
403 436 527 484 cessante
555 427 660 484 seilicet
689 426 833 484 verborum
863 427 1042 502 obligatione.

75 511 186 566 multum
202 520 292 568 autem
307 518 413 585 tempus
430 513 457 568 in
473 513 522 568 bac
533 509 692 586 exceptione
704 519 782 568 antea
797 511 906 586 quidem
922 529 955 568 en
970 514 1044 586 prin·
1140 573 1144 581 ,

73 594 200 669 cipalibus
215 595 456 652 constitutionibus
473 595 607 670 usquead
629 597 845 670 quinquennium
866 596 1043 670 procedebat:

74 679 168 735 sedne
184 680 333 736 creditores
348 680 449 736 diutius
464 682 572 755 possint
586 682 643 736 suis
663 681 784 754 pecuniis
806 681 921 737 forsitan
937 680 1044 738 defrau-

74 764 142 833 dari,
165 781 214 838 per
234 766 457 820 constitutionem
479 759 616 822 nostram¹
641 774 747 839 tempus
769 772 919 821 coartatum
935 774 992 837 est,
1014 775 1044 822 ut

75 849 142 904 ultra
158 847 259 906 biennii
274 857 357 906 metas
375 850 529 906 huiusmodi
544 851 667 924 exceptio
683 851 792 906 minime
808 848 979 906 extendatur.

427 1046 563 1088 cmxxrr
580 1047 688 1095 (xxmn.

289 1149 339 1200 DE
359 1149 549 1202 CONSENSU
561 1148 827 1234 'OBLIGATioltR

137 1264 296 1328 ²Consensu
312 1270 381 1328 liunt
392 1271 571 1346 obligationes
588 1273 615 1328 in
629 1271 811 1346 emptionibus
833 1271 1042 1343 venditionibus,
1060 1280 1094 1320 Pr·

10 1371 12 1412 ς
78 1355 252 1412 locationibus
284 1356 530 1429 conductionibus,
561 1356 756 1428 societatibus,
787 1356 927 1412 mandatis.
980 1356 1076 1412 ldeol

75 1449 161 1496 autem
177 1441 236 1496 istis
252 1440 339 1498 modis
355 1457 492 1498 consensu
507 1441 606 1498 dicitur
621 1440 751 1515 obligatio
764 1440 904 1512 contrairi,
920 1442 982 1513 quia
998 1457 1045 1496 ne-

10 1555 12 1566 =
75 1541 125 1598 quc
139 1525 274 1599 scriptura
290 1541 379 1599 neque
394 1527 545 1600 praesentia
561 1525 716 1582 omnimodo
732 1541 801 1599 opus
817 1533 876 1595 est,
893 1541 922 1580 ac
938 1541 972 1580 ne
987 1523 1044 1580 dari
1063 1539 1070 1556 ·

74 1609 219 1684 quidquam
234 1626 345 1666 necesse
360 1619 413 1680 est,
429 1618 459 1666 ut
474 1609 649 1666 substantiam
665 1611 752 1683 capiat
768 1608 908 1684 obligatio,
923 1607 971 1666 sed
987 1608 1044 1664 sul·

9 1745 10 1768 ἶ
74 1691 127 1749 ficit
142 1711 202 1765 eos,
218 1695 265 1768 qui
276 1696 418 1769 negotium
430 1703 541 1768 gerunt,
556 1696 720 1751 consentire.
750 1692 826 1750 Unde
837 1693 1043 1750 interabsentes
1062 1707 1077 1756 2

73 1795 183 1852 quoque
204 1777 265 1834 talia
285 1781 395 1853 negotia
415 1780 629 1851 contrahuntur,
657 1778 739 1836 veluti
764 1795 813 1854 per
833 1779 975 1852 epistulam
998 1785 1042 1834 aut

8 1879 10 1916 t
73 1879 120 1936 per
135 1864 270 1919 nuntium.
307 1863 374 1919 ltem
388 1865 416 1920 in
432 1863 472 1919 lris
489 1863 671 1920 contractibus
687 1863 848 1920 alteralteri
864 1862 1000 1938 obligatur
1015 1863 1043 1918 in
1061 1877 1077 1924 3

8 1957 10 2026 ξ
73 1947 114 2018 id,
136 1946 210 2021 quod
233 1947 347 2004 alterum
368 1949 445 2004 alteri
466 1964 499 2004 ex
514 1948 586 2004 bono
608 1957 636 2004 et
656 1965 742 2021 aequo
763 1954 901 2022 praestare
922 1953 1043 2020 oportet,

73 2048 132 2087 com
148 2032 311 2106 alioquinin
326 2031 470 2088 verborum
485 2031 694 2106 obligationibus
710 2032 778 2086 alius
793 2031 954 2103 stipuletur,
976 2031 1042 2086 alius

73 2119 223 2189 promittat.

423 2312 480 2353 utu.
497 2311 580 2352 xxm
598 2311 700 2361 (xxtv).

270 2415 318 2466 DE
337 2415 526 2466 EMPTIONE
545 2415 593 2465 ET
614 2413 851 2465 vuunl'utonn.

138 2531 261 2613 ³Emptio
278 2547 305 2595 et
321 2537 439 2594 venditio
455 2538 635 2609 contrahitur,
651 2537 814 2612 simulatque
830 2537 863 2592 de
878 2538 967 2610 pretio
979 2552 1043 2592 eon·
1060 2549 1094 2587 er.

75 2625 191 2695 venerit,
214 2625 334 2697 quamvis
356 2621 476 2678 nondum
497 2623 614 2696 pretium
635 2630 806 2678 numeratum
828 2622 863 2676 sit
883 2638 912 2675 ac
934 2637 968 2676 ne
985 2637 1045 2675 arra

75 2707 180 2781 quidem
197 2707 259 2764 data
281 2707 371 2768 luerit
414 2723 473 2762 nam
490 2706 563 2780 quod
578 2723 652 2761 arrae
668 2706 776 2762 nomine
792 2705 885 2774 datur,
902 2719 1044 2777 argumen-

75 2800 131 2847 tum
146 2802 189 2848 est
209 2793 354 2866 emptionis
370 2799 398 2846 et
413 2789 576 2847 venditionis
592 2798 756 2846 contractae.
792 2788 840 2845 sed
856 2789 921 2844 haec
936 2787 1044 2860 quidem

74 2875 108 2930 de
123 2875 304 2951 emptionibus
320 2885 347 2930 et
359 2873 569 2946 venditionibus,
586 2890 653 2946 quae
664 2875 723 2929 sine
735 2876 868 2948 scriptura
879 2873 1044 2942 corrsistunt,

75 2958 197 3018 obtinere
213 2969 338 3035 oportet:
354 2976 415 3014 nam
430 2958 497 3014 nibil
512 2975 527 3013 a
541 2951 619 3014 nobis
634 2960 661 3014 in
677 2959 830 3015 huiusmodi
846 2955 1044 3014 venditionibus

75 3044 230 3102 innovatum
246 3054 297 3102 est.
331 3045 359 3099 in
374 3044 416 3098 bis
431 3050 535 3115 autem,
552 3059 620 3116 quae
635 3044 767 3118 scriptura
783 3041 974 3114 conficiuntur,
990 3058 1045 3097 non

75 3127 150 3184 aliter
171 3128 318 3204 perlectam
334 3145 394 3184 esse
409 3129 573 3201 emptionem
588 3136 616 3183 et
630 3126 812 3183 venditionem
829 3119 1045 3194 constituimus,⁴

80 3259 280 3272 ——..—.....

143 3345 162 3408 ¹)
180 3347 214 3396 L.
234 3347 274 3396 14.
296 3344 323 3394 0.
342 3345 374 3394 de
392 3358 451 3394 esec.
473 3357 523 3392 non
541 3357 607 3391 num.
628 3357 685 3406 pec.
704 3341 739 3405 (4,
758 3338 811 3405 30).
898 3338 919 3401 ²)
936 3339 994 3401 sere
1012 3357 1046 3379 2-

80 3409 132 3465 Gua'.
150 3417 174 3473 3,
196 3413 353 3465 135...137.
374 3411 407 3460 L.
426 3413 452 3462 2.
470 3410 502 3458 I).
522 3411 554 3459 de
572 3409 621 3458 obl.
640 3417 666 3459 et
683 3416 734 3461 aot.
754 3409 805 3473 (44,
825 3405 860 3471 7).
947 3403 968 3472 ⁸)
989 3408 1044 3457 tait.

78 3497 108 3519 =
127 3481 183 3534 Gai.
202 3485 225 3538 3,
247 3482 304 3532 139.
373 3475 394 3540 ⁴)
413 3477 445 3530 L.
468 3479 507 3526 17.
526 3477 555 3526 G.
574 3477 606 3526 de
621 3479 673 3539 fide
691 3480 767 3527 t'nstr.
787 3473 822 3540 (t,
841 3475 892 3536 21).
