<?xml version="1.0" encoding="UTF-8"?>
<!DOCTYPE html PUBLIC "-//W3C//DTD XHTML 1.0 Transitional//EN"
    "http://www.w3.org/TR/xhtml1/DTD/xhtml1-transitional.dtd">
<html xmlns="http://www.w3.org/1999/xhtml" xml:lang="en" lang="en">
 <head>
  <title>
</title>
<meta http-equiv="Content-Type" content="text/html;charset=utf-8" />
  <meta name='ocr-system' content='tesseract 3.04.00' />
  <meta name='ocr-capabilities' content='ocr_page ocr_carea ocr_par ocr_line ocrx_word'/>
</head>
<body>
  <div class='ocr_page' id='page_1' title='image "./impivstinianiin00huscgoog_0050.png"; bbox 0 0 2486 3916; ppageno 0'>
   <div class='ocr_carea' id='block_1_1' title="bbox 92 180 1067 264">
    <p class='ocr_par' dir='ltr' id='par_1_1' title="bbox 92 180 1067 264">
     <span class='ocr_line' id='line_1_1' title="bbox 92 180 1067 264; baseline 0.006 -18"><span class='ocrx_word' id='word_1_1' title='bbox 92 212 131 246; x_wconf 79' lang='lat' dir='ltr'>nn</span> <span class='ocrx_word' id='word_1_2' title='bbox 147 211 244 247; x_wconf 82' lang='lat' dir='ltr'>nncrr.</span> <span class='ocrx_word' id='word_1_3' title='bbox 257 180 386 262; x_wconf 71' lang='lat' dir='ltr'>Parnon„</span> <span class='ocrx_word' id='word_1_4' title='bbox 400 211 529 261; x_wconf 67' lang='lat' dir='ltr'>etenum,</span> <span class='ocrx_word' id='word_1_5' title='bbox 542 212 710 250; x_wconf 75' lang='lat' dir='ltr'>ernucrsnrt</span> <span class='ocrx_word' id='word_1_6' title='bbox 722 201 909 262; x_wconf 72' lang='lat' dir='ltr'>rnrrutLli.</span> <span class='ocrx_word' id='word_1_7' title='bbox 918 202 958 251; x_wconf 91' lang='lat'>18.</span> <span class='ocrx_word' id='word_1_8' title='bbox 967 203 1006 252; x_wconf 83' lang='lat' dir='ltr'>te.</span> <span class='ocrx_word' id='word_1_9' title='bbox 1025 198 1067 264; x_wconf 82' lang='lat'>25</span> 
     </span>
    </p>
   </div>
   <div class='ocr_carea' id='block_1_2' title="bbox 233 432 929 570">
    <p class='ocr_par' dir='ltr' id='par_1_2' title="bbox 233 432 929 570">
     <span class='ocr_line' id='line_1_2' title="bbox 511 432 655 473; baseline 0 -1"><span class='ocrx_word' id='word_1_10' title='bbox 511 433 568 472; x_wconf 72' lang='lat' dir='ltr'><strong>TIT.</strong></span> <span class='ocrx_word' id='word_1_11' title='bbox 580 432 655 473; x_wconf 83' lang='lat' dir='ltr'><strong>xvn.</strong></span> 
     </span>
     <span class='ocr_line' id='line_1_3' title="bbox 233 515 929 570; baseline 0.003 -4"><span class='ocrx_word' id='word_1_12' title='bbox 233 517 283 566; x_wconf 82' lang='lat' dir='ltr'>DE</span> <span class='ocrx_word' id='word_1_13' title='bbox 301 515 482 568; x_wconf 81' lang='lat' dir='ltr'><strong>LEGITIMA</strong></span> <span class='ocrx_word' id='word_1_14' title='bbox 499 517 753 569; x_wconf 81' lang='lat' dir='ltr'>PATRONORUM</span> <span class='ocrx_word' id='word_1_15' title='bbox 771 519 929 570; x_wconf 80' lang='lat' dir='ltr'>TUTELA.</span> 
     </span>
    </p>
   </div>
   <div class='ocr_carea' id='block_1_3' title="bbox 89 649 1067 1740">
    <p class='ocr_par' dir='ltr' id='par_1_3' title="bbox 89 649 1067 1740">
     <span class='ocr_line' id='line_1_4' title="bbox 160 649 1066 732; baseline 0.007 -22"><span class='ocrx_word' id='word_1_16' title='bbox 160 649 217 710; x_wconf 85' lang='lat' dir='ltr'>¹Ex</span> <span class='ocrx_word' id='word_1_17' title='bbox 238 655 330 730; x_wconf 86' lang='lat' dir='ltr'>eadem</span> <span class='ocrx_word' id='word_1_18' title='bbox 353 656 416 732; x_wconf 88' lang='lat' dir='ltr'>lege</span> <span class='ocrx_word' id='word_1_19' title='bbox 435 656 577 714; x_wconf 84' lang='lat' dir='ltr'>duodecim</span> <span class='ocrx_word' id='word_1_20' title='bbox 598 655 749 713; x_wconf 85' lang='lat' dir='ltr'>tabularum</span> <span class='ocrx_word' id='word_1_21' title='bbox 769 657 929 714; x_wconf 88' lang='lat' dir='ltr'>libertorum</span> <span class='ocrx_word' id='word_1_22' title='bbox 945 667 973 715; x_wconf 90' lang='lat' dir='ltr'>et</span> <span class='ocrx_word' id='word_1_23' title='bbox 987 659 1066 716; x_wconf 90' lang='lat' dir='ltr'>liher-</span> 
     </span>
     <span class='ocr_line' id='line_1_5' title="bbox 93 740 1067 817; baseline 0.004 -21"><span class='ocrx_word' id='word_1_24' title='bbox 93 750 183 798; x_wconf 87' lang='lat' dir='ltr'>tarum</span> <span class='ocrx_word' id='word_1_25' title='bbox 200 740 285 799; x_wconf 88' lang='lat' dir='ltr'>tutela</span> <span class='ocrx_word' id='word_1_26' title='bbox 305 741 338 796; x_wconf 88' lang='lat' dir='ltr'>ad</span> <span class='ocrx_word' id='word_1_27' title='bbox 358 750 489 814; x_wconf 89' lang='lat' dir='ltr'>patronos</span> <span class='ocrx_word' id='word_1_28' title='bbox 510 741 665 815; x_wconf 88' lang='lat' dir='ltr'>liberosque</span> <span class='ocrx_word' id='word_1_29' title='bbox 680 759 776 798; x_wconf 89' lang='lat' dir='ltr'>eorum</span> <span class='ocrx_word' id='word_1_30' title='bbox 795 744 929 816; x_wconf 77' lang='lat' dir='ltr'>pertinet,</span> <span class='ocrx_word' id='word_1_31' title='bbox 951 761 1018 817; x_wconf 88' lang='lat' dir='ltr'>quae</span> <span class='ocrx_word' id='word_1_32' title='bbox 1039 754 1067 800; x_wconf 91' lang='lat' dir='ltr'>et</span> 
     </span>
     <span class='ocr_line' id='line_1_6' title="bbox 92 825 1066 902; baseline 0.004 -22"><span class='ocrx_word' id='word_1_33' title='bbox 92 828 153 899; x_wconf 88' lang='lat' dir='ltr'>ipsa</span> <span class='ocrx_word' id='word_1_34' title='bbox 169 825 296 898; x_wconf 40' lang='lat' dir='ltr'>*legitima</span> <span class='ocrx_word' id='word_1_35' title='bbox 315 825 401 881; x_wconf 89' lang='lat' dir='ltr'>tutela</span> <span class='ocrx_word' id='word_1_36' title='bbox 422 833 548 882; x_wconf 88' lang='lat' dir='ltr'>vocatur:</span> <span class='ocrx_word' id='word_1_37' title='bbox 570 842 626 882; x_wconf 91' lang='lat' dir='ltr'>non</span> <span class='ocrx_word' id='word_1_38' title='bbox 648 827 709 900; x_wconf 90' lang='lat' dir='ltr'>quia</span> <span class='ocrx_word' id='word_1_39' title='bbox 729 827 887 892; x_wconf 88' lang='lat' dir='ltr'>nominatim</span> <span class='ocrx_word' id='word_1_40' title='bbox 903 843 934 882; x_wconf 90' lang='lat' dir='ltr'>ea</span> <span class='ocrx_word' id='word_1_41' title='bbox 954 827 1016 902; x_wconf 86' lang='lat' dir='ltr'>iege</span> <span class='ocrx_word' id='word_1_42' title='bbox 1031 828 1066 884; x_wconf 90' lang='lat' dir='ltr'>de</span> 
     </span>
     <span class='ocr_line' id='line_1_7' title="bbox 93 909 1066 985; baseline 0.002 -20"><span class='ocrx_word' id='word_1_43' title='bbox 93 911 145 965; x_wconf 86' lang='lat' dir='ltr'>hac</span> <span class='ocrx_word' id='word_1_44' title='bbox 160 909 246 965; x_wconf 91' lang='lat' dir='ltr'>tutela</span> <span class='ocrx_word' id='word_1_45' title='bbox 262 917 386 980; x_wconf 83' lang='lat' dir='ltr'>cavetur,</span> <span class='ocrx_word' id='word_1_46' title='bbox 411 910 459 966; x_wconf 92' lang='lat' dir='ltr'>sed</span> <span class='ocrx_word' id='word_1_47' title='bbox 480 911 542 984; x_wconf 88' lang='lat' dir='ltr'>quia</span> <span class='ocrx_word' id='word_1_48' title='bbox 556 909 669 984; x_wconf 86' lang='lat' dir='ltr'>perinde</span> <span class='ocrx_word' id='word_1_49' title='bbox 684 917 793 984; x_wconf 86' lang='lat' dir='ltr'>accepta</span> <span class='ocrx_word' id='word_1_50' title='bbox 808 918 851 966; x_wconf 91' lang='lat' dir='ltr'>cst</span> <span class='ocrx_word' id='word_1_51' title='bbox 870 927 920 984; x_wconf 90' lang='lat' dir='ltr'>per</span> <span class='ocrx_word' id='word_1_52' title='bbox 933 911 1066 985; x_wconf 88' lang='lat' dir='ltr'>interpre-</span> 
     </span>
     <span class='ocr_line' id='line_1_8' title="bbox 92 993 1065 1068; baseline 0.001 -19"><span class='ocrx_word' id='word_1_53' title='bbox 92 995 238 1065; x_wconf 80' lang='lat' dir='ltr'>tationem,</span> <span class='ocrx_word' id='word_1_54' title='bbox 254 999 335 1066; x_wconf 88' lang='lat' dir='ltr'>atqne</span> <span class='ocrx_word' id='word_1_55' title='bbox 350 995 373 1050; x_wconf 87' lang='lat' dir='ltr'>si</span> <span class='ocrx_word' id='word_1_56' title='bbox 388 993 476 1050; x_wconf 85' lang='lat' dir='ltr'>verbis</span> <span class='ocrx_word' id='word_1_57' title='bbox 492 995 561 1068; x_wconf 83' lang='lat' dir='ltr'>legis</span> <span class='ocrx_word' id='word_1_58' title='bbox 576 993 731 1050; x_wconf 90' lang='lat' dir='ltr'>introducta</span> <span class='ocrx_word' id='word_1_59' title='bbox 746 1003 827 1051; x_wconf 88' lang='lat' dir='ltr'>esset.</span> <span class='ocrx_word' id='word_1_60' title='bbox 858 1011 891 1051; x_wconf 91' lang='lat' dir='ltr'>eo</span> <span class='ocrx_word' id='word_1_61' title='bbox 908 997 978 1050; x_wconf 91' lang='lat' dir='ltr'>enim</span> <span class='ocrx_word' id='word_1_62' title='bbox 994 997 1065 1068; x_wconf 88' lang='lat' dir='ltr'>ipsc,</span> 
     </span>
     <span class='ocr_line' id='line_1_9' title="bbox 92 1070 1065 1152; baseline 0.002 -20"><span class='ocrx_word' id='word_1_63' title='bbox 92 1070 190 1150; x_wconf 82' lang='lat' dir='ltr'>qnod²</span> <span class='ocrx_word' id='word_1_64' title='bbox 211 1077 376 1134; x_wconf 83' lang='lat' dir='ltr'>hereditates</span> <span class='ocrx_word' id='word_1_65' title='bbox 397 1077 557 1134; x_wconf 86' lang='lat' dir='ltr'>libertorum</span> <span class='ocrx_word' id='word_1_66' title='bbox 577 1077 806 1152; x_wconf 83' lang='lat' dir='ltr'>libertarnmque,</span> <span class='ocrx_word' id='word_1_67' title='bbox 833 1080 855 1134; x_wconf 92' lang='lat' dir='ltr'>si</span> <span class='ocrx_word' id='word_1_68' title='bbox 876 1081 998 1134; x_wconf 87' lang='lat' dir='ltr'>intestati</span> <span class='ocrx_word' id='word_1_69' title='bbox 1018 1080 1065 1135; x_wconf 92' lang='lat' dir='ltr'>de·</span> 
     </span>
     <span class='ocr_line' id='line_1_10' title="bbox 91 1155 1065 1237; baseline 0.001 -19"><span class='ocrx_word' id='word_1_70' title='bbox 91 1163 259 1232; x_wconf 81' lang='lat' dir='ltr'>cessissent,</span> <span class='ocrx_word' id='word_1_71' title='bbox 274 1162 391 1217; x_wconf 90' lang='lat' dir='ltr'>iusserat</span> <span class='ocrx_word' id='word_1_72' title='bbox 406 1163 449 1217; x_wconf 82' lang='lat' dir='ltr'>ier</span> <span class='ocrx_word' id='word_1_73' title='bbox 464 1163 496 1217; x_wconf 90' lang='lat' dir='ltr'>ad</span> <span class='ocrx_word' id='word_1_74' title='bbox 511 1169 641 1236; x_wconf 87' lang='lat' dir='ltr'>patronos</span> <span class='ocrx_word' id='word_1_75' title='bbox 657 1155 790 1219; x_wconf 81' lang='lat' dir='ltr'>liberosve</span> <span class='ocrx_word' id='word_1_76' title='bbox 805 1180 899 1220; x_wconf 89' lang='lat' dir='ltr'>eornm</span> <span class='ocrx_word' id='word_1_77' title='bbox 917 1165 1065 1237; x_wconf 87' lang='lat' dir='ltr'>pertinere,</span> 
     </span>
     <span class='ocr_line' id='line_1_11' title="bbox 91 1244 1065 1322; baseline 0 -20"><span class='ocrx_word' id='word_1_78' title='bbox 91 1244 269 1302; x_wconf 86' lang='lat' dir='ltr'>crediderunt</span> <span class='ocrx_word' id='word_1_79' title='bbox 284 1253 406 1318; x_wconf 89' lang='lat' dir='ltr'>veteres,</span> <span class='ocrx_word' id='word_1_80' title='bbox 422 1247 542 1302; x_wconf 87' lang='lat' dir='ltr'>voluisse</span> <span class='ocrx_word' id='word_1_81' title='bbox 556 1247 646 1320; x_wconf 82' lang='lat' dir='ltr'>legem</span> <span class='ocrx_word' id='word_1_82' title='bbox 662 1248 740 1303; x_wconf 90' lang='lat' dir='ltr'>etiam</span> <span class='ocrx_word' id='word_1_83' title='bbox 757 1247 855 1302; x_wconf 89' lang='lat' dir='ltr'>tutelas</span> <span class='ocrx_word' id='word_1_84' title='bbox 871 1247 903 1303; x_wconf 92' lang='lat' dir='ltr'>ad</span> <span class='ocrx_word' id='word_1_85' title='bbox 919 1264 965 1303; x_wconf 93' lang='lat' dir='ltr'>eos</span> <span class='ocrx_word' id='word_1_86' title='bbox 982 1249 1065 1322; x_wconf 93' lang='lat' dir='ltr'>perti-</span> 
     </span>
     <span class='ocr_line' id='line_1_12' title="bbox 91 1329 1065 1404; baseline 0.002 -19"><span class='ocrx_word' id='word_1_87' title='bbox 91 1346 178 1400; x_wconf 88' lang='lat' dir='ltr'>nere,</span> <span class='ocrx_word' id='word_1_88' title='bbox 193 1346 255 1384; x_wconf 89' lang='lat' dir='ltr'>oum</span> <span class='ocrx_word' id='word_1_89' title='bbox 270 1337 298 1385; x_wconf 91' lang='lat' dir='ltr'>et</span> <span class='ocrx_word' id='word_1_90' title='bbox 313 1329 461 1404; x_wconf 82' lang='lat' dir='ltr'>adgnatos,</span> <span class='ocrx_word' id='word_1_91' title='bbox 478 1347 547 1404; x_wconf 88' lang='lat' dir='ltr'>quos</span> <span class='ocrx_word' id='word_1_92' title='bbox 563 1331 595 1386; x_wconf 88' lang='lat' dir='ltr'>ad</span> <span class='ocrx_word' id='word_1_93' title='bbox 611 1331 787 1387; x_wconf 87' lang='lat' dir='ltr'>hereditatem</span> <span class='ocrx_word' id='word_1_94' title='bbox 802 1339 895 1402; x_wconf 89' lang='lat' dir='ltr'>vocat,</span> <span class='ocrx_word' id='word_1_95' title='bbox 911 1331 1021 1388; x_wconf 89' lang='lat' dir='ltr'>eosdem</span> <span class='ocrx_word' id='word_1_96' title='bbox 1038 1340 1065 1387; x_wconf 89' lang='lat' dir='ltr'>et</span> 
     </span>
     <span class='ocr_line' id='line_1_13' title="bbox 91 1414 1065 1488; baseline 0.002 -20"><span class='ocrx_word' id='word_1_97' title='bbox 91 1422 203 1469; x_wconf 85' lang='lat' dir='ltr'>tutores</span> <span class='ocrx_word' id='word_1_98' title='bbox 223 1429 283 1469; x_wconf 86' lang='lat' dir='ltr'>esse</span> <span class='ocrx_word' id='word_1_99' title='bbox 304 1415 385 1469; x_wconf 87' lang='lat' dir='ltr'>iussit</span> <span class='ocrx_word' id='word_1_100' title='bbox 407 1421 435 1469; x_wconf 90' lang='lat' dir='ltr'>et</span> <span class='ocrx_word' id='word_1_101' title='bbox 462 1416 524 1488; x_wconf 91' lang='lat' dir='ltr'>quia</span> <span class='ocrx_word' id='word_1_102' title='bbox 544 1414 720 1487; x_wconf 86' lang='lat' dir='ltr'>plerumque,</span> <span class='ocrx_word' id='word_1_103' title='bbox 746 1414 792 1470; x_wconf 89' lang='lat' dir='ltr'>ubi</span> <span class='ocrx_word' id='word_1_104' title='bbox 817 1417 997 1470; x_wconf 78' lang='lat' dir='ltr'>successionis</span> <span class='ocrx_word' id='word_1_105' title='bbox 1023 1425 1065 1471; x_wconf 91' lang='lat' dir='ltr'>est</span> 
     </span>
     <span class='ocr_line' id='line_1_14' title="bbox 93 1497 1065 1569; baseline 0 -15"><span class='ocrx_word' id='word_1_106' title='bbox 93 1497 327 1569; x_wconf 85' lang='lat' dir='ltr'>emolumentum,</span> <span class='ocrx_word' id='word_1_107' title='bbox 352 1497 389 1554; x_wconf 91' lang='lat' dir='ltr'>ibi</span> <span class='ocrx_word' id='word_1_108' title='bbox 417 1506 444 1554; x_wconf 89' lang='lat' dir='ltr'>et</span> <span class='ocrx_word' id='word_1_109' title='bbox 469 1498 570 1554; x_wconf 86' lang='lat' dir='ltr'>tutelae</span> <span class='ocrx_word' id='word_1_110' title='bbox 592 1515 661 1554; x_wconf 88' lang='lat' dir='ltr'>onus</span> <span class='ocrx_word' id='word_1_111' title='bbox 682 1514 742 1554; x_wconf 92' lang='lat' dir='ltr'>esse</span> <span class='ocrx_word' id='word_1_112' title='bbox 763 1498 852 1554; x_wconf 91' lang='lat' dir='ltr'>dehet.</span> <span class='ocrx_word' id='word_1_113' title='bbox 893 1499 954 1554; x_wconf 92' lang='lat' dir='ltr'>ideo</span> <span class='ocrx_word' id='word_1_114' title='bbox 975 1507 1065 1554; x_wconf 88' lang='lat' dir='ltr'>autem</span> 
     </span>
     <span class='ocr_line' id='line_1_15' title="bbox 91 1581 1064 1657; baseline 0 -19"><span class='ocrx_word' id='word_1_115' title='bbox 91 1583 212 1638; x_wconf 83' lang='lat' dir='ltr'>diximus</span> <span class='ocrx_word' id='word_1_116' title='bbox 232 1581 409 1656; x_wconf 85' lang='lat' dir='ltr'>plerumque,</span> <span class='ocrx_word' id='word_1_117' title='bbox 432 1584 509 1656; x_wconf 89' lang='lat' dir='ltr'>quia,</span> <span class='ocrx_word' id='word_1_118' title='bbox 531 1584 555 1638; x_wconf 93' lang='lat' dir='ltr'>si</span> <span class='ocrx_word' id='word_1_119' title='bbox 569 1600 584 1638; x_wconf 84' lang='lat' dir='ltr'>a</span> <span class='ocrx_word' id='word_1_120' title='bbox 599 1581 695 1638; x_wconf 88' lang='lat' dir='ltr'>semina</span> <span class='ocrx_word' id='word_1_121' title='bbox 714 1582 836 1657; x_wconf 87' lang='lat' dir='ltr'>impubes</span> <span class='ocrx_word' id='word_1_122' title='bbox 852 1584 1064 1655; x_wconf 86' lang='lat' dir='ltr'>manumittatur,</span> 
     </span>
     <span class='ocr_line' id='line_1_16' title="bbox 89 1665 935 1740; baseline 0.001 -18"><span class='ocrx_word' id='word_1_123' title='bbox 89 1670 153 1740; x_wconf 91' lang='lat' dir='ltr'>ipsa</span> <span class='ocrx_word' id='word_1_124' title='bbox 168 1666 202 1722; x_wconf 91' lang='lat' dir='ltr'>ad</span> <span class='ocrx_word' id='word_1_125' title='bbox 217 1667 394 1722; x_wconf 84' lang='lat' dir='ltr'>hereditatem</span> <span class='ocrx_word' id='word_1_126' title='bbox 410 1675 538 1739; x_wconf 90' lang='lat' dir='ltr'>vocatur,</span> <span class='ocrx_word' id='word_1_127' title='bbox 553 1684 614 1723; x_wconf 89' lang='lat' dir='ltr'>cum</span> <span class='ocrx_word' id='word_1_128' title='bbox 629 1665 696 1722; x_wconf 86' lang='lat' dir='ltr'>alius</span> <span class='ocrx_word' id='word_1_129' title='bbox 712 1675 754 1723; x_wconf 92' lang='lat' dir='ltr'>est</span> <span class='ocrx_word' id='word_1_130' title='bbox 770 1675 854 1723; x_wconf 89' lang='lat' dir='ltr'>tutor.</span> <span class='ocrx_word' id='word_1_131' title='bbox 931 1678 935 1683; x_wconf 85' lang='lat'>&#39;</span> 
     </span>
    </p>
   </div>
   <div class='ocr_carea' id='block_1_4' title="bbox 257 1879 904 2018">
    <p class='ocr_par' dir='ltr' id='par_1_4' title="bbox 257 1879 904 2018">
     <span class='ocr_line' id='line_1_17' title="bbox 499 1879 656 1921; baseline 0 -1"><span class='ocrx_word' id='word_1_132' title='bbox 499 1879 556 1921; x_wconf 71' lang='lat' dir='ltr'>’Hm</span> <span class='ocrx_word' id='word_1_133' title='bbox 569 1881 656 1921; x_wconf 85' lang='lat' dir='ltr'>xvnr.</span> 
     </span>
     <span class='ocr_line' id='line_1_18' title="bbox 257 1941 904 2018; baseline 0.002 -3"><span class='ocrx_word' id='word_1_134' title='bbox 257 1965 307 2016; x_wconf 85' lang='lat' dir='ltr'>DE</span> <span class='ocrx_word' id='word_1_135' title='bbox 326 1965 510 2017; x_wconf 82' lang='lat' dir='ltr'><strong>LEGITIMA</strong></span> <span class='ocrx_word' id='word_1_136' title='bbox 527 1941 729 2018; x_wconf 57' lang='lat' dir='ltr'>Palinurum</span> <span class='ocrx_word' id='word_1_137' title='bbox 748 1965 904 2017; x_wconf 83' lang='lat' dir='ltr'><strong>TUTELA.</strong></span> 
     </span>
    </p>
   </div>
   <div class='ocr_carea' id='block_1_5' title="bbox 90 2081 1064 2400">
    <p class='ocr_par' dir='ltr' id='par_1_5' title="bbox 90 2081 1064 2400">
     <span class='ocr_line' id='line_1_19' title="bbox 160 2081 1064 2163; baseline -0.003 -19"><span class='ocrx_word' id='word_1_138' title='bbox 160 2081 308 2163; x_wconf 75' lang='lat' dir='ltr'>3Exemplo</span> <span class='ocrx_word' id='word_1_139' title='bbox 330 2097 507 2162; x_wconf 90' lang='lat' dir='ltr'>patronorum</span> <span class='ocrx_word' id='word_1_140' title='bbox 526 2096 635 2161; x_wconf 89' lang='lat' dir='ltr'>recepta</span> <span class='ocrx_word' id='word_1_141' title='bbox 656 2096 699 2144; x_wconf 92' lang='lat' dir='ltr'>est</span> <span class='ocrx_word' id='word_1_142' title='bbox 718 2098 746 2144; x_wconf 89' lang='lat' dir='ltr'>et</span> <span class='ocrx_word' id='word_1_143' title='bbox 765 2088 815 2144; x_wconf 90' lang='lat' dir='ltr'>aiia</span> <span class='ocrx_word' id='word_1_144' title='bbox 832 2088 930 2158; x_wconf 87' lang='lat' dir='ltr'>tutela,</span> <span class='ocrx_word' id='word_1_145' title='bbox 953 2103 1021 2159; x_wconf 86' lang='lat' dir='ltr'>quae</span> <span class='ocrx_word' id='word_1_146' title='bbox 1037 2095 1064 2142; x_wconf 87' lang='lat' dir='ltr'>et</span> 
     </span>
     <span class='ocr_line' id='line_1_20' title="bbox 90 2170 1063 2248; baseline -0.007 -17"><span class='ocrx_word' id='word_1_147' title='bbox 90 2177 152 2248; x_wconf 89' lang='lat' dir='ltr'>ipsa</span> <span class='ocrx_word' id='word_1_148' title='bbox 172 2174 294 2248; x_wconf 83' lang='lat' dir='ltr'>legitima</span> <span class='ocrx_word' id='word_1_149' title='bbox 308 2181 429 2229; x_wconf 89' lang='lat' dir='ltr'>vocatur.</span> <span class='ocrx_word' id='word_1_150' title='bbox 463 2189 523 2228; x_wconf 89' lang='lat' dir='ltr'>nam</span> <span class='ocrx_word' id='word_1_151' title='bbox 539 2174 562 2228; x_wconf 88' lang='lat' dir='ltr'>si</span> <span class='ocrx_word' id='word_1_152' title='bbox 577 2174 637 2245; x_wconf 91' lang='lat' dir='ltr'>quis</span> <span class='ocrx_word' id='word_1_153' title='bbox 653 2170 737 2228; x_wconf 86' lang='lat' dir='ltr'>tilium</span> <span class='ocrx_word' id='word_1_154' title='bbox 752 2179 798 2228; x_wconf 87' lang='lat' dir='ltr'>aut</span> <span class='ocrx_word' id='word_1_155' title='bbox 818 2171 914 2242; x_wconf 85' lang='lat' dir='ltr'>filiam,</span> <span class='ocrx_word' id='word_1_156' title='bbox 935 2178 1063 2242; x_wconf 86' lang='lat' dir='ltr'>nepotem</span> 
     </span>
     <span class='ocr_line' id='line_1_21' title="bbox 90 2254 1063 2332; baseline -0.007 -17"><span class='ocrx_word' id='word_1_157' title='bbox 90 2268 139 2315; x_wconf 89' lang='lat' dir='ltr'>aut</span> <span class='ocrx_word' id='word_1_158' title='bbox 155 2266 266 2332; x_wconf 88' lang='lat' dir='ltr'>neptem</span> <span class='ocrx_word' id='word_1_159' title='bbox 281 2274 314 2314; x_wconf 78' lang='lat' dir='ltr'>ex</span> <span class='ocrx_word' id='word_1_160' title='bbox 329 2255 384 2313; x_wconf 87' lang='lat' dir='ltr'>filio</span> <span class='ocrx_word' id='word_1_161' title='bbox 401 2265 428 2314; x_wconf 91' lang='lat' dir='ltr'>et</span> <span class='ocrx_word' id='word_1_162' title='bbox 443 2257 570 2332; x_wconf 87' lang='lat' dir='ltr'>deinceps</span> <span class='ocrx_word' id='word_1_163' title='bbox 585 2255 738 2330; x_wconf 86' lang='lat' dir='ltr'>impuberes</span> <span class='ocrx_word' id='word_1_164' title='bbox 754 2255 975 2329; x_wconf 88' lang='lat' dir='ltr'>emancipaverit,</span> <span class='ocrx_word' id='word_1_165' title='bbox 993 2254 1063 2328; x_wconf 83' lang='lat' dir='ltr'>legi·</span> 
     </span>
     <span class='ocr_line' id='line_1_22' title="bbox 92 2343 455 2400; baseline -0.008 0"><span class='ocrx_word' id='word_1_166' title='bbox 92 2345 176 2400; x_wconf 91' lang='lat' dir='ltr'>timus</span> <span class='ocrx_word' id='word_1_167' title='bbox 192 2358 288 2398; x_wconf 91' lang='lat' dir='ltr'>eornm</span> <span class='ocrx_word' id='word_1_168' title='bbox 303 2349 379 2398; x_wconf 92' lang='lat' dir='ltr'>tutor</span> <span class='ocrx_word' id='word_1_169' title='bbox 394 2343 455 2398; x_wconf 89' lang='lat' dir='ltr'>erit.</span> 
     </span>
    </p>
   </div>
   <div class='ocr_carea' id='block_1_6' title="bbox 350 2521 810 2658">
    <p class='ocr_par' dir='ltr' id='par_1_6' title="bbox 350 2521 810 2658">
     <span class='ocr_line' id='line_1_23' title="bbox 354 2521 648 2564; baseline -0.017 0"><span class='ocrx_word' id='word_1_170' title='bbox 354 2555 358 2564; x_wconf 89' lang='lat'><em>.</em></span> <span class='ocrx_word' id='word_1_171' title='bbox 512 2521 569 2561; x_wconf 68' lang='lat' dir='ltr'>mr.</span> <span class='ocrx_word' id='word_1_172' title='bbox 584 2521 648 2560; x_wconf 84' lang='lat' dir='ltr'><strong>XIX.</strong></span> 
     </span>
     <span class='ocr_line' id='line_1_24' title="bbox 350 2604 810 2658; baseline -0.009 0"><span class='ocrx_word' id='word_1_173' title='bbox 350 2609 400 2658; x_wconf 82' lang='lat' dir='ltr'>DE</span> <span class='ocrx_word' id='word_1_174' title='bbox 418 2605 636 2658; x_wconf 81' lang='lat' dir='ltr'><strong>FIDUOIARIA</strong></span> <span class='ocrx_word' id='word_1_175' title='bbox 653 2604 810 2656; x_wconf 83' lang='lat' dir='ltr'>TUTELA.</span> 
     </span>
    </p>
   </div>
   <div class='ocr_carea' id='block_1_7' title="bbox 91 2725 1065 3125">
    <p class='ocr_par' dir='ltr' id='par_1_7' title="bbox 91 2725 1065 3125">
     <span class='ocr_line' id='line_1_25' title="bbox 159 2725 1064 2802; baseline -0.009 -15"><span class='ocrx_word' id='word_1_176' title='bbox 159 2725 228 2787; x_wconf 73' lang='lat' dir='ltr'>4Est</span> <span class='ocrx_word' id='word_1_177' title='bbox 243 2739 271 2786; x_wconf 94' lang='lat' dir='ltr'>et</span> <span class='ocrx_word' id='word_1_178' title='bbox 286 2729 335 2785; x_wconf 86' lang='lat' dir='ltr'>alia</span> <span class='ocrx_word' id='word_1_179' title='bbox 349 2728 450 2800; x_wconf 87' lang='lat' dir='ltr'>tutela,</span> <span class='ocrx_word' id='word_1_180' title='bbox 472 2745 540 2802; x_wconf 86' lang='lat' dir='ltr'>qnae</span> <span class='ocrx_word' id='word_1_181' title='bbox 556 2725 693 2784; x_wconf 87' lang='lat' dir='ltr'>fiduciaria</span> <span class='ocrx_word' id='word_1_182' title='bbox 707 2727 866 2802; x_wconf 88' lang='lat' dir='ltr'>appellatur.</span> <span class='ocrx_word' id='word_1_183' title='bbox 904 2741 964 2780; x_wconf 89' lang='lat' dir='ltr'>nam</span> <span class='ocrx_word' id='word_1_184' title='bbox 980 2727 1003 2780; x_wconf 92' lang='lat' dir='ltr'>si</span> <span class='ocrx_word' id='word_1_185' title='bbox 1019 2743 1064 2798; x_wconf 87' lang='lat' dir='ltr'>pa·</span> 
     </span>
     <span class='ocr_line' id='line_1_26' title="bbox 91 2810 1065 2887; baseline -0.01 -15"><span class='ocrx_word' id='word_1_186' title='bbox 91 2834 157 2872; x_wconf 89' lang='lat' dir='ltr'>rens</span> <span class='ocrx_word' id='word_1_187' title='bbox 173 2813 260 2871; x_wconf 87' lang='lat' dir='ltr'>tilium</span> <span class='ocrx_word' id='word_1_188' title='bbox 275 2814 319 2870; x_wconf 91' lang='lat' dir='ltr'>vei</span> <span class='ocrx_word' id='word_1_189' title='bbox 334 2812 431 2885; x_wconf 84' lang='lat' dir='ltr'>tiliam,</span> <span class='ocrx_word' id='word_1_190' title='bbox 451 2821 579 2887; x_wconf 89' lang='lat' dir='ltr'>nepotem</span> <span class='ocrx_word' id='word_1_191' title='bbox 600 2811 643 2868; x_wconf 92' lang='lat' dir='ltr'>vel</span> <span class='ocrx_word' id='word_1_192' title='bbox 664 2821 773 2886; x_wconf 90' lang='lat' dir='ltr'>neptem</span> <span class='ocrx_word' id='word_1_193' title='bbox 788 2819 816 2866; x_wconf 92' lang='lat' dir='ltr'>et</span> <span class='ocrx_word' id='word_1_194' title='bbox 831 2811 957 2884; x_wconf 88' lang='lat' dir='ltr'>deinceps</span> <span class='ocrx_word' id='word_1_195' title='bbox 978 2810 1065 2882; x_wconf 93' lang='lat' dir='ltr'>impu-</span> 
     </span>
     <span class='ocr_line' id='line_1_27' title="bbox 92 2895 1064 2971; baseline -0.007 -15"><span class='ocrx_word' id='word_1_196' title='bbox 92 2901 172 2956; x_wconf 88' lang='lat' dir='ltr'>beres</span> <span class='ocrx_word' id='word_1_197' title='bbox 188 2899 387 2969; x_wconf 87' lang='lat' dir='ltr'>manumiserit,</span> <span class='ocrx_word' id='word_1_198' title='bbox 410 2897 556 2971; x_wconf 84' lang='lat' dir='ltr'>legitimam</span> <span class='ocrx_word' id='word_1_199' title='bbox 571 2897 735 2952; x_wconf 89' lang='lat' dir='ltr'>nanciscitur</span> <span class='ocrx_word' id='word_1_200' title='bbox 750 2911 843 2952; x_wconf 91' lang='lat' dir='ltr'>eornm</span> <span class='ocrx_word' id='word_1_201' title='bbox 861 2895 987 2951; x_wconf 87' lang='lat' dir='ltr'>tutelam:</span> <span class='ocrx_word' id='word_1_202' title='bbox 1009 2910 1064 2967; x_wconf 91' lang='lat' dir='ltr'>quo</span> 
     </span>
     <span class='ocr_line' id='line_1_28' title="bbox 93 2977 1065 3055; baseline -0.006 -15"><span class='ocrx_word' id='word_1_203' title='bbox 93 2985 242 3055; x_wconf 79' lang='lat' dir='ltr'>defuncto,</span> <span class='ocrx_word' id='word_1_204' title='bbox 264 2985 288 3038; x_wconf 84' lang='lat' dir='ltr'>si</span> <span class='ocrx_word' id='word_1_205' title='bbox 309 2983 387 3038; x_wconf 87' lang='lat' dir='ltr'>liberi</span> <span class='ocrx_word' id='word_1_206' title='bbox 402 2981 486 3037; x_wconf 88' lang='lat' dir='ltr'>virilis</span> <span class='ocrx_word' id='word_1_207' title='bbox 502 2998 582 3038; x_wconf 81' lang='lat' dir='ltr'>senus</span> <span class='ocrx_word' id='word_1_208' title='bbox 598 2989 705 3052; x_wconf 81' lang='lat' dir='ltr'>extant,</span> <span class='ocrx_word' id='word_1_209' title='bbox 727 2977 858 3036; x_wconf 87' lang='lat' dir='ltr'>fiduciarii</span> <span class='ocrx_word' id='word_1_210' title='bbox 874 2987 980 3036; x_wconf 91' lang='lat' dir='ltr'>tutores</span> <span class='ocrx_word' id='word_1_211' title='bbox 996 2977 1065 3034; x_wconf 87' lang='lat' dir='ltr'>filio·</span> 
     </span>
     <span class='ocr_line' id='line_1_29' title="bbox 91 3061 1062 3125; baseline -0.006 -1"><span class='ocrx_word' id='word_1_212' title='bbox 91 3086 154 3125; x_wconf 88' lang='lat' dir='ltr'>rum</span> <span class='ocrx_word' id='word_1_213' title='bbox 175 3085 290 3124; x_wconf 86' lang='lat' dir='ltr'>suornm</span> <span class='ocrx_word' id='word_1_214' title='bbox 312 3067 354 3123; x_wconf 92' lang='lat' dir='ltr'>vel</span> <span class='ocrx_word' id='word_1_215' title='bbox 375 3067 466 3122; x_wconf 85' lang='lat' dir='ltr'>iratris</span> <span class='ocrx_word' id='word_1_216' title='bbox 488 3066 530 3122; x_wconf 83' lang='lat' dir='ltr'>vel</span> <span class='ocrx_word' id='word_1_217' title='bbox 551 3067 653 3122; x_wconf 88' lang='lat' dir='ltr'>sororis</span> <span class='ocrx_word' id='word_1_218' title='bbox 675 3072 703 3120; x_wconf 91' lang='lat' dir='ltr'>et</span> <span class='ocrx_word' id='word_1_219' title='bbox 723 3073 876 3121; x_wconf 89' lang='lat' dir='ltr'>ceterorum</span> <span class='ocrx_word' id='word_1_220' title='bbox 897 3061 1062 3120; x_wconf 84' lang='lat' dir='ltr'>efficiuntur.</span> 
     </span>
    </p>
   </div>
   <div class='ocr_carea' id='block_1_8' title="bbox 92 3234 298 3242">
    <p class='ocr_par' dir='ltr' id='par_1_8' title="bbox 92 3234 298 3242">
     <span class='ocr_line' id='line_1_30' title="bbox 92 3234 298 3242; baseline 0 0"><span class='ocrx_word' id='word_1_221' title='bbox 92 3234 298 3242; x_wconf 76' lang='lat'>-——--——--</span> 
     </span>
    </p>
   </div>
   <div class='ocr_carea' id='block_1_9' title="bbox 93 3345 1063 3482">
    <p class='ocr_par' dir='ltr' id='par_1_9' title="bbox 93 3345 1063 3482">
     <span class='ocr_line' id='line_1_31' title="bbox 163 3345 1063 3414; baseline -0.011 -13"><span class='ocrx_word' id='word_1_222' title='bbox 163 3349 183 3414; x_wconf 84' lang='lat'>¹)</span> <span class='ocrx_word' id='word_1_223' title='bbox 203 3387 248 3404; x_wconf 90' lang='lat'>...</span> <span class='ocrx_word' id='word_1_224' title='bbox 264 3363 326 3400; x_wconf 81' lang='lat' dir='ltr'>esse</span> <span class='ocrx_word' id='word_1_225' title='bbox 343 3349 425 3400; x_wconf 82' lang='lat' dir='ltr'>iussit</span> <span class='ocrx_word' id='word_1_226' title='bbox 436 3369 469 3390; x_wconf 89' lang='lat'>=</span> <span class='ocrx_word' id='word_1_227' title='bbox 483 3349 539 3400; x_wconf 82' lang='lat' dir='ltr'>Gai.</span> <span class='ocrx_word' id='word_1_228' title='bbox 559 3349 582 3403; x_wconf 89' lang='lat'>1.</span> <span class='ocrx_word' id='word_1_229' title='bbox 603 3347 660 3398; x_wconf 82' lang='lat'><strong>165.</strong></span> <span class='ocrx_word' id='word_1_230' title='bbox 718 3345 738 3409; x_wconf 78' lang='lat'>²)</span> <span class='ocrx_word' id='word_1_231' title='bbox 756 3347 832 3400; x_wconf 81' lang='lat' dir='ltr'>codd.</span> <span class='ocrx_word' id='word_1_232' title='bbox 851 3347 928 3410; x_wconf 78' lang='lat' dir='ltr'>inser.</span> <span class='ocrx_word' id='word_1_233' title='bbox 949 3359 1001 3408; x_wconf 92' lang='lat' dir='ltr'>quo</span> <span class='ocrx_word' id='word_1_234' title='bbox 1014 3349 1063 3392; x_wconf 86' lang='lat' dir='ltr'>vet.</span> 
     </span>
     <span class='ocr_line' id='line_1_32' title="bbox 93 3407 1062 3482; baseline -0.009 -13"><span class='ocrx_word' id='word_1_235' title='bbox 93 3417 113 3480; x_wconf 80' lang='grc'>3)</span> <span class='ocrx_word' id='word_1_236' title='bbox 134 3418 175 3482; x_wconf 79' lang='lat' dir='ltr'>Of.</span> <span class='ocrx_word' id='word_1_237' title='bbox 196 3419 252 3468; x_wconf 77' lang='lat' dir='ltr'>Gai.</span> <span class='ocrx_word' id='word_1_238' title='bbox 277 3420 301 3481; x_wconf 92' lang='lat'>1,</span> <span class='ocrx_word' id='word_1_239' title='bbox 322 3417 379 3466; x_wconf 79' lang='lat' dir='ltr'>tec.</span> <span class='ocrx_word' id='word_1_240' title='bbox 400 3418 457 3467; x_wconf 77' lang='lat'>175.</span> <span class='ocrx_word' id='word_1_241' title='bbox 481 3416 513 3467; x_wconf 88' lang='lat' dir='ltr'>L.</span> <span class='ocrx_word' id='word_1_242' title='bbox 534 3419 558 3465; x_wconf 84' lang='lat'>3.</span> <span class='ocrx_word' id='word_1_243' title='bbox 583 3415 607 3475; x_wconf 69' lang='lat'>§-</span> <span class='ocrx_word' id='word_1_244' title='bbox 627 3417 672 3466; x_wconf 83' lang='lat' dir='ltr'>utt.</span> <span class='ocrx_word' id='word_1_245' title='bbox 690 3415 724 3466; x_wconf 86' lang='lat' dir='ltr'>D.</span> <span class='ocrx_word' id='word_1_246' title='bbox 748 3415 780 3464; x_wconf 82' lang='lat' dir='ltr'>de</span> <span class='ocrx_word' id='word_1_247' title='bbox 802 3415 870 3478; x_wconf 73' lang='lat' dir='ltr'>tepit.</span> <span class='ocrx_word' id='word_1_248' title='bbox 894 3418 938 3462; x_wconf 81' lang='lat' dir='ltr'>tut.</span> <span class='ocrx_word' id='word_1_249' title='bbox 959 3411 1009 3474; x_wconf 74' lang='lat' dir='ltr'>(tc,</span> <span class='ocrx_word' id='word_1_250' title='bbox 1027 3407 1062 3472; x_wconf 84' lang='lat'>4).</span> 
     </span>
    </p>
   </div>
   <div class='ocr_carea' id='block_1_10' title="bbox 5 3476 986 3550">
    <p class='ocr_par' dir='ltr' id='par_1_10' title="bbox 5 3476 986 3550">
     <span class='ocr_line' id='line_1_33' title="bbox 5 3476 986 3550; baseline -0.009 -11"><span class='ocrx_word' id='word_1_251' title='bbox 5 3488 11 3500; x_wconf 83' lang='lat'>¹</span> <span class='ocrx_word' id='word_1_252' title='bbox 91 3483 112 3548; x_wconf 76' lang='lat'>⁴¹)</span> <span class='ocrx_word' id='word_1_253' title='bbox 135 3486 174 3550; x_wconf 72' lang='lat' dir='ltr'>Cf.</span> <span class='ocrx_word' id='word_1_254' title='bbox 195 3487 253 3536; x_wconf 79' lang='lat' dir='ltr'>Gai.</span> <span class='ocrx_word' id='word_1_255' title='bbox 274 3488 289 3534; x_wconf 87' lang='lat' dir='ltr'>l.</span> <span class='ocrx_word' id='word_1_256' title='bbox 309 3501 332 3538; x_wconf 87' lang='lat' dir='ltr'>c.</span> <span class='ocrx_word' id='word_1_257' title='bbox 351 3485 384 3534; x_wconf 81' lang='lat' dir='ltr'>L.</span> <span class='ocrx_word' id='word_1_258' title='bbox 404 3487 428 3535; x_wconf 92' lang='lat'>3.</span> <span class='ocrx_word' id='word_1_259' title='bbox 448 3485 473 3544; x_wconf 67' lang='grc' dir='ltr'>ἓ.</span> <span class='ocrx_word' id='word_1_260' title='bbox 490 3485 515 3536; x_wconf 85' lang='grc'>4.</span> <span class='ocrx_word' id='word_1_261' title='bbox 534 3483 567 3532; x_wconf 86' lang='lat' dir='ltr'>L.</span> <span class='ocrx_word' id='word_1_262' title='bbox 585 3483 610 3534; x_wconf 82' lang='lat' dir='ltr'>t.</span> <span class='ocrx_word' id='word_1_263' title='bbox 629 3482 661 3534; x_wconf 87' lang='lat' dir='ltr'>D.</span> <span class='ocrx_word' id='word_1_264' title='bbox 680 3483 712 3532; x_wconf 84' lang='lat' dir='ltr'>de</span> <span class='ocrx_word' id='word_1_265' title='bbox 730 3483 797 3545; x_wconf 79' lang='lat' dir='ltr'>tepit.</span> <span class='ocrx_word' id='word_1_266' title='bbox 818 3488 862 3532; x_wconf 82' lang='lat' dir='ltr'>tut.</span> <span class='ocrx_word' id='word_1_267' title='bbox 882 3476 934 3544; x_wconf 79' lang='lat'>(26,</span> <span class='ocrx_word' id='word_1_268' title='bbox 952 3476 986 3539; x_wconf 85' lang='lat'>4).</span> 
     </span>
    </p>
   </div>
   <div class='ocr_carea' id='block_1_11' title="bbox 0 0 1248 3916">
    <p class='ocr_par' dir='ltr' id='par_1_11' title="bbox 0 0 1248 3916">
     <span class='ocr_line' id='line_1_34' title="bbox 0 0 1248 3916; baseline 0 0"><span class='ocrx_word' id='word_1_269' title='bbox 0 0 1248 3916; x_wconf 95' lang='lat' dir='ltr'> </span> 
     </span>
    </p>
   </div>
  </div>
 </body>
</html>
