2484 3916
287 221 323 256 nn
343 221 525 258 ruorrreroso
544 222 727 259 resuausuuo
746 208 781 270 11,
801 209 843 260 18.
1013 207 1053 274 77

83 366 191 422 irritum
207 363 306 420 laetum
321 365 358 419 sit
372 370 576 436 testamentum,
592 364 666 438 quod
675 366 809 422 civitatem
823 365 867 422 vel
882 367 962 422 etiam
976 365 1056 422 liber·
1123 346 1125 352 ,

83 457 168 506 tatem
182 455 301 505 testator
315 450 417 521 amisit,
439 456 486 504 aut
499 449 561 523 quie
575 450 602 504 in
618 449 792 524 adoptionem
807 467 836 507 se
852 451 927 506 dedit
939 459 970 506 et
984 467 1056 508 mor·

83 536 120 590 tis
135 541 260 608 tempore
274 535 303 588 in
317 531 436 607 adoptivi
447 536 532 608 patris
546 541 684 608 potestate
699 537 745 606 sit,
761 551 816 591 nou
830 543 925 609 potest
939 537 1055 609 scriptus

81 620 161 676 heres
176 618 328 676 seeundum
342 615 445 674 taltules
459 617 595 676 bonorum
614 621 814 692 possessionem
830 627 933 693 petere.
956 618 994 676 Ex
1010 635 1043 676 eo
1050 632 1107 697 (oli

82 711 174 760 autern
189 703 250 760 solo
266 719 320 758 non
335 709 432 778 potest·
443 701 574 760 infirmari
588 711 796 776 testamentum,
817 705 891 778 quod
905 713 1002 778 postea
1016 713 1056 760 te·

82 795 170 844 stator
189 787 218 844 id
238 787 327 844 noluit
347 787 450 846 valere:
471 788 588 862 plusque
608 781 707 860 adeo,l
728 789 779 845 etsi
801 789 862 863 quis
877 797 941 863 post
955 789 1055 846 laetum

80 875 157 948 prius
172 879 366 928 testamentum
380 875 519 947 posterius
535 872 623 929 iacere
637 875 759 946 coeperit
778 881 807 930 et
826 881 873 929 aut
893 873 1057 929 mortalitate
1076 935 1078 940 ,

80 964 256 1032 praeventus,
272 964 320 1013 aut
334 959 396 1032 quia
411 974 473 1014 eum
488 959 546 1014 eius
560 959 600 1014 rei
615 959 760 1031 poenituit,
776 957 802 1013 id
815 975 870 1014 non
886 957 1055 1032 perfecisset,

57 1061 59 1065 ’
81 1043 134 1098 divi
154 1041 304 1098 Pertinacis
327 1043 450 1098 oratioue
472 1049 580 1099 cautum
600 1050 659 1114 est,
680 1059 714 1098 ne
735 1043 799 1098 alias
821 1042 928 1098 tabulae
948 1045 1055 1116 priores

80 1129 140 1183 iure
155 1127 244 1182 laetae
265 1128 358 1182 irritae
373 1125 454 1199 fiant,
475 1127 528 1183 nisi
549 1135 695 1200 sequentes
716 1129 776 1184 iure
799 1125 937 1183 ordinatae
953 1135 981 1183 et
995 1143 1056 1200 per·

82 1212 169 1268 leetae
186 1211 297 1267 luerint.
328 1227 389 1267 nam
404 1211 592 1286 imperfectum
613 1219 804 1268 testamentum
825 1213 884 1268 sine
898 1211 980 1268 dubio
996 1211 1056 1267 nul·
1130 1209 1133 1216 “

80 1297 138 1352 lum
152 1303 206 1352 est.
237 1294 335 1352 liudem
350 1297 473 1352 oretione
488 1297 638 1370 expressit,
653 1313 709 1352 non
725 1297 903 1352 admissurum
919 1312 948 1352 se
963 1295 1106 1360 here-(7)8

81 1381 199 1436 dilatem
212 1381 285 1452 eius,
302 1382 348 1454 qui
363 1379 420 1436 litis
435 1395 516 1437 eausa
529 1383 678 1454 prinoipem
694 1379 822 1438 heredem
837 1381 993 1454 reliquerit,
1009 1397 1056 1436 ne·

82 1481 139 1539 que
154 1463 258 1520 tabulas
274 1481 330 1522 non
346 1465 466 1540 legitime
481 1465 581 1537 laetas,
596 1467 624 1520 in
640 1464 738 1538 quibus
753 1467 812 1540 ipse
828 1464 863 1521 ob
879 1479 936 1519 eam
949 1480 1056 1520 eausam

81 1550 163 1606 heres
179 1551 323 1606 institutus
339 1556 408 1622 erat,
423 1549 602 1623 probaturum
622 1565 711 1623 neque
732 1566 765 1605 ex
780 1549 853 1605 nuda
867 1563 933 1606 voce
948 1547 1055 1604 heredis

81 1651 185 1692 nomen
199 1633 378 1691 admissurum
394 1650 483 1707 neque
499 1649 532 1690 ex
547 1634 602 1690 ulla
616 1635 767 1707 scripture,
789 1634 832 1689 oui
857 1634 922 1688 iuris
939 1633 1057 1688 auctori-

82 1727 121 1774 tas
137 1719 224 1791 desit,
239 1719 340 1793 allquid
350 1719 520 1793 adepturum.
546 1718 694 1776 seeundum
709 1717 841 1775 haeedivi
856 1731 965 1792 quoque
977 1716 1056 1773 Sere·
1073 1739 1076 1744 ·

81 1821 126 1860 rus
143 1810 177 1860 et
190 1805 344 1862 Antoninus
360 1805 516 1878 saepissime
530 1805 746 1878 rescripserunt:
768 1803 843 1860 ‘lieet
858 1800 952 1874 enim,'
968 1803 1057 1876 iuqui-

82 1885 141 1961 uu't,
158 1887 280 1964 ‘legibus
295 1888 379 1945 soluti
393 1905 498 1960 sumus,
513 1896 631 1946 attamen
645 1887 752 1964 legibus
766 1886 902 1945 vivimus?

489 2119 547 2159 m.
565 2118 653 2159 XVIII.

256 2295 258 2299 Ι
281 2222 332 2273 uu
350 2195 588 2289 morereroso
606 2217 863 2271 unsrsmuuro

147 2343 221 2414 Quia
234 2345 396 2420 plerumque
411 2351 537 2419 parentes
560 2345 619 2398 sine
641 2357 720 2398 eausa
739 2339 840 2398 liberos
861 2357 926 2397 suos
946 2340 989 2397 vel
1010 2357 1056 2396 ex·
1072 2353 1107 2395 er.

84 2430 220 2488 heredant
239 2429 282 2486 vel
298 2431 443 2502 omittunt,
467 2429 608 2486 inductum
624 2434 682 2498 est,
704 2434 736 2482 ut
750 2427 784 2482 de
804 2424 958 2482 inofficioso
974 2433 1057 2482 testa·

84 2523 180 2572 mento
196 2531 277 2590 agere
292 2517 400 2589 possint
414 2513 507 2586 liberi,
529 2514 576 2586 qui
591 2519 760 2586 queruntur,
782 2518 829 2566 aut
849 2513 943 2586 inique
963 2527 992 2566 se
1012 2528 1057 2566 ex-

85 2599 233 2658 heredatos
249 2607 297 2656 aut
311 2601 403 2674 iniquo
415 2599 590 2673 praeteritos,
606 2589 678 2654 ²hoe
693 2595 797 2668 colore,
814 2598 891 2670 quasi
907 2610 963 2652 non
978 2611 1057 2651 senae

141 2900 164 2963 ¹)
180 2902 383 2964 scripsisseque
398 2898 469 2950 adeo
483 2901 515 2948 ut
524 2912 609 2948 omnes
619 2897 695 2949 codd.
705 2897 765 2950 edd.
775 2897 825 2946 sed
835 2887 868 2946 τὸ
880 2889 970 2946 πλέον
982 2891 1057 2960 φημὶ

91 2968 207 3020 obsoletis
222 2967 344 3032 TdeopI,
363 2973 391 3016 ut
402 2966 445 3032 pl·
463 2973 574 3032 propter
585 2965 741 3015 antecedens
753 2963 859 3014 vele-re
869 2964 998 3014 excidisse
1011 2980 1059 3028 op·

87 3042 195 3100 pareat.
211 3037 260 3086 sed
276 3041 302 3086 et
319 3038 349 3084 ut
361 3033 475 3084 librariis
487 3033 587 3092 debead,
598 3037 708 3097 praeter
719 3033 745 3081 in
753 3031 806 3094 fine
818 3047 930 3098 sequens
948 3035 1060 3082 sautum
1098 3063 1101 3071 -

91 3107 143 3154 est
161 3104 237 3154 docet
255 3101 371 3154 emessam
388 3103 414 3151 iu
430 3103 562 3167 plerisque
580 3097 654 3151 codd.
672 3100 792 3165 proaet'rne
803 3113 912 3165 sequens
931 3103 967 3157 et,
979 3107 1059 3149 muta·

90 3178 141 3220 tum
157 3187 193 3224 so.
213 3170 245 3220 ab
262 3171 295 3222 iis
310 3176 372 3236 poet
383 3183 470 3235 usque
485 3167 554 3218 adeo
571 3170 598 3218 in
615 3172 654 3218 ut.
673 3170 705 3218 de
718 3169 907 3220 consonatione
925 3167 959 3230 ef.
974 3168 1058 3216 Ptaut.

93 3237 169 3288 Troo
186 3241 210 3298 2,
231 3241 254 3300 1,
273 3239 300 3290 5.
317 3237 461 3304 magisque
485 3235 554 3287 adeo
577 3236 603 3286 ei
621 3235 798 3286 consiliarius
819 3235 866 3286 hie
884 3236 988 3286 amisus
1002 3235 1059 3294 est,
1133 3259 1138 3268 ·

83 3319 173 3369 quem
191 3305 356 3358 auxiliarius
382 3307 483 3372 alioque
506 3307 635 3369 enemplm
664 3319 729 3369 quae
755 3303 861 3354 exhibet
876 3303 977 3353 Haedis·
996 3300 1060 3349 Tur·

90 3375 173 3424 sellio.
192 3375 218 3426 1.
235 3391 264 3439 p.
286 3375 342 3424 147.
365 3373 428 3438 plus
450 3376 561 3423 eentum
588 3377 630 3421 ost
653 3373 764 3434 dicum,
791 3377 819 3421 ut
845 3370 908 3436 plus
932 3367 1059 3430 arbitror,
1111 3377 1112 3380 ’

90 3439 155 3504 plus
172 3441 272 3492 dieitur
289 3443 391 3507 aliaque
408 3442 547 3492 missino.
627 3437 648 3502 ²)
664 3440 723 3503 sere
740 3457 774 3480 a
791 3437 825 3489 L.
838 3441 863 3492 2.
885 3438 918 3486 1).
937 3437 971 3486 de
988 3435 1060 3499 inoff.

82 3513 150 3559 test.
168 3509 201 3574 (ὅ,
220 3507 246 3573 2)
260 3525 295 3561 eo:
312 3508 445 3560 Marciani
460 3511 476 3563 l.
494 3511 511 3559 4
528 3508 608 3558 instit.
