2486 3916
205 191 246 256 66
391 209 427 243 on
446 206 686 242 nxnnnsnsnroun
705 203 870 242 prunnonuu
888 191 926 255 11,
946 194 985 242 13.

205 356 341 419 mentum,
366 364 422 421 quo
444 348 521 406 iuror
543 365 637 404 eorum
657 349 828 404 intermissus
844 357 900 418 est,
923 349 982 404 iure
1002 349 1096 404 testati
1120 365 1171 403 esse

205 432 340 502 videntur,
356 441 495 506 serisso,
511 433 585 506 quod
600 440 662 488 aute
677 432 797 489 furorem
814 433 937 502 iecerint,
954 439 1122 488 testamento
1136 450 1172 486 va·

204 517 291 572 lente:
313 533 374 572 nam
395 533 484 591 neque
507 525 667 574 testamenta
692 525 767 573 reete
794 516 863 574 faeta
884 533 973 591 neque
995 516 1069 572 aliud
1091 517 1171 572 ullum

170 615 186 667 2
204 602 346 675 negotium
360 610 434 658 reete
446 609 554 676 gestum
565 608 661 676 postea
674 600 752 656 luror
763 603 946 658 interveniens
958 602 1082 674 peremit.
1113 601 1170 656 ltem

204 684 354 760 prodigus,
381 688 425 743 oui
449 686 584 742 bonorum
609 701 720 742 suorum
742 685 937 743 administratio
958 685 1106 742 interdieta
1127 693 1170 754 est,

205 777 398 826 testamentum
414 771 501 827 lacere
513 787 569 826 non
579 777 681 844 potest,
696 769 744 826 sed
759 769 797 839 id,
813 770 888 844 quod
899 778 960 826 ante
976 769 1082 840 lecerit,
1097 786 1169 843 quan

171 861 186 908 3
204 853 358 912 interdictio
374 857 399 912 ei
413 855 548 910 honorum
570 853 631 925 liat,
652 863 739 910 ratum
755 863 806 910 est.
841 854 909 910 ltem
925 860 1017 910 mutus
1032 862 1061 909 et
1075 854 1169 909 surdus

204 957 260 996 non
275 955 381 1013 semper
396 939 484 994 iacere
499 945 691 994 testamentum
711 947 838 1012 possunt.
869 940 966 1012 utique
986 945 1078 994 nutem
1094 938 1128 994 de
1142 954 1168 993 eo

204 1023 288 1080 surdo
303 1023 450 1096 loquimur,
467 1024 514 1096 qui
530 1024 640 1079 omuino
656 1039 712 1079 non
727 1023 852 1095 exaudit,
869 1039 924 1078 non
941 1024 988 1096 qui
1004 1023 1079 1078 tarde
1095 1039 1168 1078 exau·

204 1109 258 1163 dit:
274 1123 335 1162 nam
350 1115 378 1164 et
392 1115 484 1164 mutus
499 1108 521 1162 is
537 1107 724 1182 intellegitur,
740 1109 787 1180 qui
802 1107 895 1182 eloqui
910 1107 977 1163 nihil
993 1115 1105 1180 potest,
1120 1123 1168 1162 non

205 1193 252 1264 qui
267 1189 343 1246 tarde
358 1191 490 1265 loquitur.
527 1209 607 1266 saepe
627 1199 716 1248 autem
737 1194 818 1248 etiam
832 1193 945 1248 litterati
966 1201 993 1246 et
1009 1191 1111 1247 eruditi
1126 1193 1167 1246 ho·

204 1277 289 1331 mines
310 1277 390 1332 variis
410 1275 516 1333 oasihus
538 1285 566 1332 et
585 1275 710 1332 audiendi
732 1284 760 1332 et
781 1275 912 1350 loquendi
926 1275 1084 1332 facultatem
1100 1278 1166 1332 amit·

204 1367 281 1416 tunt:
301 1359 373 1417 unde
393 1369 486 1416 nostra
507 1354 686 1418 constitutio¹
713 1363 793 1417 etiam
813 1361 855 1417 his
876 1359 1019 1431 subvenit,
1042 1367 1073 1415 ut
1094 1361 1166 1416 certis

166 1501 170 1516 ,
204 1443 310 1500 casibus
325 1453 353 1502 et
368 1445 455 1502 modis
470 1446 618 1502 secuudum
629 1462 751 1502 normam
765 1446 824 1501 eius
838 1445 946 1520 possint
960 1445 1057 1500 testari
1071 1445 1167 1518 aliaque

205 1529 303 1600 iacere,
320 1547 388 1603 quae
404 1531 441 1586 eis
456 1533 587 1604 permissa
601 1539 675 1586 sunt.
707 1523 774 1585 ²sed
788 1531 813 1586 si
827 1532 887 1604 quis
902 1536 967 1604 post
980 1537 1166 1586 testamentum

204 1614 305 1668 laetum
320 1614 472 1670 valetudine
487 1623 534 1670 aut
549 1614 672 1688 quolibet
687 1614 739 1670 elio
755 1631 820 1670 oesu
830 1621 921 1670 mutus
936 1621 982 1670 aut
997 1613 1099 1670 surdus
1114 1629 1165 1668 esse

170 1703 186 1752 4
204 1698 334 1769 eoeperit,
348 1705 435 1752 ratum
446 1697 532 1752 nihilo
548 1700 636 1753 minus
647 1699 705 1754 eius
717 1706 838 1754 remanet
850 1705 1052 1754 testamentum.
1076 1697 1165 1754 Caecus

202 1786 362 1836 autemnon
383 1787 477 1853 potest
495 1781 583 1838 iecere
598 1789 790 1838 testamentum
811 1784 864 1840 uisi
882 1799 932 1856 per
946 1781 1164 1850 observationem,

170 1869 186 1919 5
204 1879 283 1936 quam
298 1863 342 1919 len
357 1863 411 1920 divi
432 1863 528 1921 lustini
547 1866 632 1939 patris
652 1867 704 1922 mei
722 1865 889 1924 indroduxit.
926 1860 1025 1938 ⁴llius,
1042 1869 1089 1942 qui
1102 1865 1164 1940 apud

204 1947 298 2003 hostes
321 1956 378 2021 est,
398 1955 608 2022 testamentum,
630 1950 705 2026 quod
725 1949 762 2006 ihi
777 1951 857 2024 feeit,
872 1968 928 2008 non
943 1951 1031 2023 valet,
1054 1952 1162 2025 quamvis

202 2031 328 2088 redierit:
358 2033 407 2091 sed
428 2033 519 2109 quod,
540 2035 604 2091 dum
624 2037 653 2091 in
668 2037 775 2091 civitate
789 2035 894 2108 iuerat,
915 2034 994 2107 iecit,
1016 2037 1074 2092 sive
1088 2035 1164 2091 redie-

203 2118 254 2190 rit,
276 2117 346 2176 valet
364 2120 423 2176 iure
444 2120 619 2194 postliminii,
640 2121 697 2176 sive
711 2120 767 2176 illio
781 2120 945 2192 decesserit,
966 2120 1038 2176 valet
1060 2119 1163 2193 exlege

202 2201 336 2260 Cornelia.

618 2399 675 2439 utu.
689 2399 755 2442 XHI.

371 2499 421 2548 DE
441 2500 758 2556 EXHEREDATIONE
776 2503 1003 2556 LIBERORUM.

150 2639 186 2680 er.
269 2615 347 2679 5Νοιι
366 2629 472 2695 tamen,
497 2631 528 2680 ut
550 2625 704 2682 omnimodo
725 2625 810 2683 valeat
828 2634 1044 2702 testamentum,
1073 2627 1165 2686 suffieit

202 2708 268 2764 haer
288 2706 456 2781 observatio,
480 2725 560 2782 quam
580 2727 663 2784 supra
683 2711 867 2784 exposuimus.
907 2713 955 2769 sed
976 2715 1023 2786 qui
1043 2712 1128 2770 filium
1141 2715 1164 2768 in

201 2799 337 2864 potestate
357 2791 452 2865 hahet,
473 2791 554 2850 dehet
572 2811 683 2867 curare,
706 2795 735 2852 ut
754 2811 816 2852 eum
836 2797 964 2854 heredem
985 2799 1111 2855 instituat
1128 2796 1164 2852 vel

203 2876 364 2934 exheredem
387 2879 545 2935 nominatim
565 2879 656 2936 iaciat:
682 2879 802 2954 alioquin
827 2883 851 2937 si
871 2899 934 2938 enm
958 2882 1068 2940 silentio
1095 2898 1164 2957 prae·

200 2960 321 3032 terierit,
341 2961 476 3020 inutiliter
496 2963 655 3036 testabitur,
676 2964 743 3022 adeo
759 2965 868 3039 quidem
883 2975 929 3038 ut,
950 2969 1003 3024 etsi
1017 2969 1080 3024 rivo
1095 2975 1164 3042 patre

201 3041 273 3100 filius
288 3054 413 3104 mortuus
428 3050 478 3121 sit,
500 3067 579 3106 nemo
596 3065 627 3106 ex
643 3065 676 3106 eo
692 3056 855 3108 testamento
875 3053 955 3109 heres
970 3054 1087 3109 existere
1107 3068 1164 3126 pos·

196 3329 199 3334 .
269 3277 289 3343 ¹)
307 3281 341 3332 L.
361 3285 401 3334 10.
422 3283 450 3332 0.
478 3287 522 3350 qui
538 3291 635 3334 testam.
658 3285 711 3340 sao.
732 3281 766 3350 (6,
785 3283 837 3346 22).
924 3282 945 3346 ²)
960 3286 1020 3348 fere
1039 3303 1075 3326 -ε
1090 3285 1122 3334 L.
1140 3281 1161 3331 6.

199 3347 224 3404 §-
243 3348 318 3398 1.1).
339 3350 637 3414 quitertarn.sae.(28‚
657 3349 681 3412 1)
706 3367 741 3402 eae
765 3351 824 3400 Gaii
840 3355 856 3401 t.
877 3353 908 3402 17
924 3353 1020 3402 oded.
1038 3367 1110 3415 prov.
1142 3347 1160 3408 ³)

199 3412 233 3461 L.
251 3414 276 3464 8.
297 3415 324 3465 0.
342 3419 399 3468 eod.
418 3417 452 3481 (6,
470 3415 523 3480 22).
575 3415 597 3484 4)
615 3417 670 3466 init.
689 3439 723 3460 =
740 3419 773 3469 L.
793 3419 868 3482 8pr.
886 3419 919 3468 D.
939 3419 996 3470 eod.
1016 3418 1068 3482 (28,
1088 3415 1112 3480 1)
1130 3431 1161 3465 eo

201 3477 261 3528 Gaii
275 3483 292 3534 l.
310 3497 333 3532 e.
403 3481 424 3548 ὅ)
441 3505 476 3526 =
495 3485 551 3536 Gai.
569 3486 593 3543 2,
612 3486 669 3537 115.
688 3488 736 3536 123
754 3491 812 3538 mut.
