2464 3916
184 206 245 272 126
412 221 447 256 nu
467 217 711 256 onuroauronrnus
730 207 781 269 111,
802 208 833 256 13
852 205 914 270 (14).

183 363 338 422 introducta
353 371 410 420 est:
431 379 498 437 crgo
515 364 538 418 si
553 361 691 418 libertates
707 361 797 418 nullae
812 363 867 418 sint
882 361 973 434 datae,
990 370 1078 418 cessat
1092 380 1157 418 con-

184 450 300 506 stitutio.
334 447 398 522 quid
414 464 499 521 ergo,
521 449 544 503 si
565 448 640 502 vivus
662 447 735 502 dedit
755 445 893 503 libertates
911 447 952 502 vel
967 449 1062 503 mortis
1078 464 1158 503 eausa

183 542 226 605 et,
242 549 276 588 ne
292 533 325 588 de
341 532 394 588 hoe
409 539 570 606 quaeratur,
587 540 677 587 utrunr
693 533 721 588 in
737 531 857 586 fraudem
874 531 1038 588 creditorum
1055 549 1087 588 an
1102 549 1160 588 non

183 618 283 674 iactum
305 619 356 688 sit,
377 616 478 672 idcirco
494 617 578 672 velint
599 615 685 672 addici
700 614 750 672 sibi
769 613 856 688 bona,
880 632 914 671 au
928 616 1054 672 audiendi
1074 617 1159 674 surrt‘l

183 711 211 758 et
226 703 311 776 magis
328 709 385 772 est,
409 708 439 756 ut
454 699 539 757 audiri
561 699 693 772 debeant,
714 701 766 756 etsi
786 698 912 756 deficiant
927 700 1007 756 verba
1022 703 1159 757 constitu-

150 805 165 852 ‘l
184 788 275 844 tionis.
321 785 375 844 Sed
390 803 451 841 cunr
467 785 564 841 multas
585 784 731 841 divisiones
747 785 879 841 eiusmodi
900 787 1093 842 constitutioni
1112 785 1160 840 de·

183 889 244 928 esse
259 871 463 946 perspeximus,
485 869 538 925 lata
554 878 596 925 est
611 887 625 924 a
640 868 717 926 nobis
737 869 892 942 plenissima
910 862 1109 941 constitutio,¹
1133 871 1161 924 in

184 959 264 1030 quaid
279 955 380 1011 multae
401 955 504 1028 species
520 953 634 1010 collatae
649 961 729 1025 sunt,
751 952 848 1028 quibus
867 955 909 1010 ius
925 954 1079 1010 huiusmodi
1097 971 1162 1009 suc·

184 1041 314 1098 cessionis
335 1039 521 1113 plenissimum
536 1045 579 1094 est
594 1037 735 1110 effectum,
757 1055 822 1112 quas
839 1055 870 1094 en
886 1039 943 1113 ipsa
959 1039 1075 1095 lectione
1093 1055 1161 1094 cou-

184 1126 334 1181 stitutionis
351 1131 443 1197 potest
458 1124 519 1197 quis
534 1139 712 1197 cognoscere.
1010 1126 1013 1129 “

566 1286 623 1326 TIT.
636 1287 684 1326 ΧΠ
702 1286 786 1334 (xm).

183 1373 233 1424 DE
252 1371 560 1424 SUCCESSIONIBUS
580 1372 766 1434 sunctum,
786 1371 885 1432 QUAE
905 1371 1064 1421 FIEBANT
1084 1371 1162 1420 PER
1225 1391 1226 1396 ¹

182 1457 363 1510 BONORUM
382 1456 642 1508 VENDITIONEM
659 1457 706 1506 ΕΤ
725 1455 775 1506 Ex
793 1455 1161 1508 SENATUSCONSULTO

560 1539 782 1592 colomario.

131 1679 166 1720 rr.
249 1665 331 1720 Erant
345 1672 406 1720 ante
427 1663 589 1737 praedictam
605 1665 805 1719 successionem
822 1663 885 1720 olim
901 1672 928 1719 et
943 1663 1009 1719 aliae
1029 1680 1081 1736 per
1099 1665 1160 1718 uni·

183 1751 338 1804 versitatem
354 1749 551 1804 successiones.
596 1749 681 1820 qualis
697 1749 785 1804 luerat
800 1748 933 1804 bonorum
949 1750 1065 1822 emptio,
1087 1765 1160 1821 quae

183 1826 309 1888 debonis
326 1831 456 1888 debitoris
472 1831 620 1887 vendendis
635 1849 685 1906 per
700 1833 798 1888 multas
814 1831 939 1908 ambages
960 1833 1047 1888 luerat
1067 1835 1160 1888 intro·

183 1917 263 1973 ducta
284 1924 311 1971 et
326 1924 392 1974 tunc
407 1916 496 1972 locum
511 1915 641 1990 habebat,
663 1917 771 1990 quando
792 1917 889 1973 iudicia
905 1917 1039 1973 ordinaria
1056 1918 1083 1972 in
1100 1935 1158 1972 usu

182 2001 307 2058 luerunt:
336 1999 385 2058 sed
405 2017 466 2057 curn
487 2001 705 2058 extraordinariis
727 2001 832 2058 iudiciis
854 2003 999 2074 posteritas
1026 2018 1074 2056 usa
1101 2009 1160 2073 est,

182 2087 244 2142 ideo
265 2103 326 2142 cum
346 2087 412 2160 ipsis
434 2085 575 2142 ordinariis
601 2086 707 2142 iudiciis
729 2087 807 2142 etiam
827 2084 963 2142 bonorum
984 2085 1159 2142 venditiones
1224 2131 1225 2136 ,

182 2171 385 2246 exspiraverunt
406 2179 433 2227 et
455 2170 641 2227 tantummodo
656 2169 835 2226 creditoribus
857 2171 936 2226 datur
951 2169 1041 2228 officio
1055 2171 1160 2226 iudicis

143 2253 145 2258 '
181 2257 252 2312 bona
272 2256 413 2331 possidere
429 2264 471 2327 et,
492 2264 575 2329 prout
591 2257 630 2311 eis
647 2256 712 2310 utile
727 2257 816 2310 visum
831 2254 928 2326 luerit,
949 2271 981 2310 ea
997 2255 1160 2328 disponere,

149 2349 162 2396 1
183 2340 257 2414 quod
272 2357 305 2396 ex
319 2339 461 2396 latioribus
476 2340 645 2414 digestorum
661 2339 735 2396 libris
750 2339 898 2414 perfectius
910 2339 1058 2413 apparebit.
1093 2339 1161 2395 Erat

182 2433 262 2480 etex
283 2425 520 2480 senatusconsulto
536 2425 680 2480 Claudiano
701 2423 859 2480 miserabilis
880 2441 929 2497 per
951 2426 1162 2480 universitatem

182 2508 338 2582 adquisitio,
353 2525 414 2564 eum
427 2507 510 2564 libera
522 2509 619 2566 mulier
631 2508 721 2564 servili
733 2525 824 2565 amore
836 2507 962 2564 bacchata
977 2510 1063 2582 ipsam
1075 2507 1162 2564 liber-

181 2599 265 2648 tatem
284 2609 334 2668 per·
353 2594 621 2650 senatusconsultum
641 2592 780 2649 amittebat
804 2601 832 2650 et
854 2609 915 2648 cum
941 2591 1067 2648 libertate
1093 2593 1163 2648 sub-

181 2679 321 2733 stantiam:
337 2677 410 2751 quod
425 2677 566 2751 indiguum
581 2680 682 2733 nostris
699 2677 866 2752 temporibus
882 2693 942 2733 esse
958 2679 1163 2748 existimantes,

182 2771 239 2818 eta
260 2769 353 2818 nostra
373 2763 479 2818 civitate
500 2761 584 2818 deleri
605 2769 632 2818 et
648 2779 704 2818 non
723 2763 806 2818 inseri
826 2763 927 2818 nostris
954 2759 1069 2836 digestis
1091 2779 1166 2818 con·
1223 2835 1224 2838 Ἴ

182 2863 322 2901 cessimus.

550 2992 681 3032 u1u.x111
700 2993 780 3040 (xcv).

474 3078 524 3126 DE
544 3076 864 3130 OBLIGATIONIBUS.

130 3200 165 3240 nr.
247 3182 323 3237 Nunc
344 3191 511 3239 transeamus
528 3183 560 3238 ad
580 3181 768 3258 obligationes.
806 3183 935 3258 obligatio
952 3193 994 3240 est
1014 3185 1081 3238 iuris
1097 3185 1166 3240 vin-

183 3267 289 3337 culum,
306 3281 360 3340 quo
376 3267 536 3322 necessitate
551 3267 743 3340 adstringimur
758 3267 870 3324 alicuius
885 3268 1030 3324 solvendae
1044 3269 1095 3338 rei,
1111 3285 1165 3322 se·

149 3354 161 3399 1
182 3349 298 3406 cundum
319 3359 430 3406 nostrae
449 3351 565 3404 civitatis
584 3351 652 3406 iura.
698 3351 820 3407 Omnium
840 3359 931 3408 autem
954 3351 1164 3426 obligationum

253 3510 270 3572 ¹)
289 3513 322 3561 1..
342 3515 382 3563 15.
405 3514 430 3563 C.
450 3515 482 3562 de
500 3517 598 3562 testam.
616 3528 721 3562 manum.
742 3514 776 3578 (l,
795 3514 830 3578 2).
