2464 3916
164 190 229 256 200
419 207 455 242 nr
474 205 606 242 rennuens
624 203 747 243 rnorcns
765 193 815 259 1v,
835 193 875 244 ts.

166 349 295 425 quaedam
311 347 433 422 capitalia
447 355 527 419 sunt,
549 345 678 422 quaedam
694 363 751 404 non
766 347 897 422 capitalia.
935 347 1058 422 capitalia
1070 349 1138 406 dici·

166 451 242 505 mos,
258 449 326 506 quae
342 431 438 488 ultimo
454 432 586 508 supplicio
607 431 737 490 adiiciunt
757 432 801 490 rel
820 449 905 506 aquae
921 440 950 489 st
964 433 1038 507 ignis
1052 435 1137 490 inter·

166 519 284 574 dictione
298 516 340 574 vel
355 515 545 592 deportatione
565 517 608 572 vel
629 515 754 574 metallo:
781 525 873 574 cetera
892 517 916 573 si
931 533 984 592 qua
999 517 1138 574 loiamiam

165 603 288 675 rrrogant
313 617 374 658 cum
400 601 498 658 damno
518 601 690 675 pecuniario,
717 601 783 658 haec
806 600 914 676 publica
935 601 1046 676 quidem
1061 613 1137 674 sunt,

164 701 221 742 non
236 691 326 742 tamen
339 685 470 759 capitalia.

131 778 147 826 s
226 768 337 826 Publica
352 777 442 826 autem
456 769 553 826 indicta
568 778 632 826 sunt
646 771 721 828 haec.
752 770 795 826 lex
809 769 877 829 lolia
891 772 1051 844 maiestatis,
1068 787 1139 846 quae

164 855 192 910 in
208 870 271 926 eos,
288 856 335 928 qui
349 861 444 912 contra
458 855 650 929 imperatorem
665 853 708 910 vel
717 871 774 911 rem
786 853 919 929 publicam
931 855 1033 929 aliquid
1048 855 1140 912 moliti

164 947 243 1012 sunt,
260 955 341 996 suum
355 940 477 1014 vigorem
492 939 623 996 extendit.
654 941 730 996 cuius
745 955 833 1013 poena
847 940 949 995 animae
963 941 1139 996 amissionem

129 1031 146 1080 4
164 1025 281 1080 sustinet
295 1031 322 1080 et
337 1025 466 1080 memoria
490 1025 572 1080 relat
593 1029 657 1098 post
680 1031 795 1080 mortem
820 1023 971 1080 damnatur.
1010 1024 1078 1080 ltem
1094 1025 1140 1082 lex

164 1107 231 1166 lulio
255 1107 289 1164 de
309 1107 449 1164 adulteriis
469 1107 642 1180 coercendis,
668 1123 737 1182 quae
761 1125 817 1164 uon
839 1107 930 1164 solum
957 1117 1137 1166 temeratores

165 1192 310 1248 alienarum
334 1193 489 1266 nuptiarum
516 1191 606 1266 gladio
627 1195 722 1266 punit,
748 1192 798 1248 sed
819 1193 899 1248 etiam
920 1209 984 1265 eos,
1010 1195 1137 1266 quicum

165 1275 290 1332 masculis
304 1275 439 1332 infandam
453 1275 590 1332 libidinem
611 1293 736 1334 exeruere
756 1277 864 1333 audent.
900 1277 949 1333 sed
964 1277 1058 1334 endem
1073 1277 1139 1354 lege

163 1359 229 1416 lulla
243 1361 323 1418 etiam
338 1361 427 1434 stupri
447 1360 580 1436 flagitium
596 1363 723 1436 punitur,
744 1378 805 1418 cum
826 1362 887 1436 quis
908 1363 967 1418 siue
982 1364 1007 1417 vi
1024 1363 1066 1418 vel
1081 1363 1139 1418 vir·

164 1446 255 1520 ginem
286 1445 329 1501 vel
357 1445 462 1502 viduam
495 1446 609 1502 honeste
634 1447 768 1502 viventem
793 1447 966 1520 stupraverit
1017 1463 1137 1520 poenam

163 1537 253 1586 autem
268 1529 360 1586 eadem
375 1529 419 1586 lex
433 1532 538 1605 irrogat
552 1529 755 1604 peccatoribus,
775 1532 799 1586 si
821 1531 929 1586 honesti
943 1539 1023 1602 sunt,
1045 1529 1138 1604 publi·

163 1615 297 1670 sationem
312 1615 396 1688 partis
412 1613 537 1672 dimidiae
551 1614 702 1686 bonorum,
724 1615 747 1670 si
763 1613 895 1686 humiles,
916 1617 1039 1688 corporis
1055 1631 1137 1671 coer-

130 1707 146 1755 ὃ
163 1699 291 1754 cilionem
306 1715 368 1754 cum
382 1699 559 1774 relegatione.
597 1699 664 1754 ltem
678 1699 722 1756 len
737 1698 861 1756 Cornelia
879 1699 914 1755 de
928 1700 1048 1771 sicariis,
1065 1717 1138 1772 qnae

163 1781 308 1837 homicidas
324 1781 415 1838 ultore
431 1783 503 1838 terro
519 1784 692 1856 persequitur
713 1783 755 1839 vel
777 1800 841 1855 eos,
862 1784 908 1857 qui
928 1784 1046 1840 hominis
1062 1787 1136 1840 occi·

162 1863 243 1920 dendi
258 1880 337 1920 causa
352 1881 413 1922 cum
429 1865 483 1921 telo
500 1865 645 1922 ambulent.
677 1867 761 1923 telum
776 1876 880 1939 autem,
896 1875 927 1924 ut
942 1867 1022 1924 Gaius
1038 1878 1137 1926 noster

161 1950 188 2005 io
202 1949 426 2022 interpretatione
441 1949 510 2024 legis
526 1949 668 2006 duodecim
684 1945 847 2008 tabularum¹
862 1953 994 2026 scriptum
1009 1953 1134 2027 reliquit,

162 2033 245 2108 vulgo
271 2033 379 2107 quidem
402 2033 429 2090 ld
456 2033 621 2108 appellatur,
651 2035 724 2109 quod
746 2035 779 2092 ab
800 2052 864 2092 arcu
884 2037 1015 2108 mittitur,
1040 2038 1135 2094 sedet

163 2134 242 2174 omne
267 2117 450 2194 significatur,
478 2119 551 2194 quod
578 2136 658 2176 manu
684 2119 822 2176 cuiusdam
848 2121 977 2176 mittitur:
1006 2124 1134 2195 sequitur

162 2218 246 2276 ergo,
262 2213 292 2260 ut
307 2211 335 2260 et
349 2203 416 2277 lapis
432 2212 460 2260 et
474 2203 579 2278 lignum
594 2212 622 2260 ct
638 2204 739 2260 lcrrum
755 2205 808 2260 hoc
823 2206 931 2261 nomine
946 2207 1129 2262 contineatur.

162 2285 317 2363 dictumque
332 2286 364 2343 ab
379 2303 429 2360 eo,
446 2287 520 2362 quorl
534 2289 562 2344 in
577 2288 757 2362 longinquum
772 2289 904 2362 mittitur,
920 2306 935 2344 a
949 2289 1050 2346 Graeca
1064 2307 1132 2346 voce

162 2369 323 2443 figuratum,
338 2362 399 2426 ἀπὸ
421 2375 475 2428 τοῦ
497 2373 599 2446 ιηλοῦι
630 2381 658 2430 et
678 2373 746 2428 hanc
766 2372 992 2446 significationem
1008 2375 1128 2430 invenire

162 2470 307 2527 possumus
328 2463 356 2510 et
376 2457 403 2510 in
419 2456 521 2512 Graeco
537 2458 659 2512 nomine:
689 2473 750 2513 nam
772 2458 845 2530 quod
867 2474 917 2513 nos
938 2457 1023 2514 telum
1039 2458 1130 2532 appel-

161 2538 263 2609 lamus,
289 2537 328 2593 illi
350 2531 436 2614 βέλος
458 2538 593 2612 appellant
620 2531 679 2597 ἀπὸ
706 2545 760 2598 cod
781 2533 958 2616 βάλλεσθαι.
1003 2541 1131 2598 admonet

161 2639 211 2678 nos
233 2621 400 2696 Xenophon3
426 2641 487 2680 nam
507 2624 545 2678 ita
564 2618 706 2699 scripsit:²
735 2621 785 2682 καλ
806 2621 841 2682 τὰ
863 2619 937 2702 βέλη
959 2617 1037 2700 ὁμοῦ
1059 2619 1129 2698 ἐφέ-

161 2725 236 2783 ρετο,
252 2701 372 2784 λόγχαι,
388 2699 566 2783 τοξεύματα,
581 2702 760 2784 σφενδόναι,
780 2711 910 2767 πλεῖστοι
924 2706 957 2767 δε
972 2705 1024 2767 καλ
1037 2706 1129 2768 λίθοι.

160 2793 248 2848 sicarii
268 2800 358 2848 autem
377 2793 547 2867 appellantur
569 2795 667 2866 asica,
688 2793 761 2868 quod
782 2793 917 2870 significet
938 2794 1057 2851 ferreum
1072 2795 1130 2851 cul·

160 2882 241 2930 trum.
273 2876 365 2932 eadem
391 2877 453 2950 lege
478 2885 506 2932 et
526 2877 637 2934 venefici
658 2879 745 2952 capite
765 2877 940 2951 damnantur,
963 2881 1009 2953 qui
1024 2879 1127 2936 artibus

161 2959 278 3030 odiosis,
295 2967 348 3014 tam
363 2962 473 3016 venenis
490 2954 590 3034 quam³
610 2964 729 3018 susurris
751 2965 860 3038 magicis
883 2963 1007 3019 homines
1023 2964 1129 3020 occide-
1223 3015 1224 3022 ,

228 3208 248 3274 ¹)
266 3209 298 3264 L.
317 3210 375 3264 233.
392 3202 416 3270 ξ.
435 3211 459 3264 2.
477 3209 510 3264 D.
528 3212 560 3261 de
578 3211 646 3264 verb.
664 3213 729 3277 siper.
748 3209 799 3279 (50,
819 3211 870 3276 16).
958 3211 979 3276 ²)
999 3204 1085 3267 Anob.
1103 3215 1128 3273 d,

158 3278 181 3334 2,
203 3279 242 3330 14.
345 3273 367 3342 ⁸)
387 3280 442 3326 tem
462 3311 508 3330 ...
528 3274 621 3344 quem]
641 3276 755 3333 καλ...
772 3277 822 3330 καλ
844 3279 955 3344 recepi.
973 3282 1128 3334 tem..·vel

155 3345 273 3407 plerique
290 3345 366 3397 codd.
382 3351 431 3394 oet.
451 3345 509 3396 edd.
528 3343 601 3399 Scir.
621 3351 647 3395 et
667 3345 717 3398 Kr.
738 3361 818 3412 quam
834 3363 884 3410 pro
902 3347 948 3398 vel
965 3349 1035 3398 multi
1052 3349 1127 3401 codd.

158 3409 236 3468 infer.
254 3409 299 3459 vel
321 3417 405 3460 natum
431 3427 466 3460 ex
490 3415 578 3474 plossa
605 3415 728 3472 notantis,
757 3430 807 3464 non
833 3423 964 3480 utrumque
982 3417 1119 3466 desideror

158 3475 207 3521 sed
222 3477 271 3522 iom
289 3479 438 3526 alterutrum
455 3479 582 3540 sufficere.
