2484 3916
159 185 202 250 42
439 197 474 232 en
494 197 589 234 nanum
607 195 753 232 nxvrsrorut
772 181 808 242 11,
830 183 853 230 1.

159 341 345 411 aedificatore,
366 339 417 394 soli
433 339 558 394 domiuus
579 347 653 411 petat
674 337 783 392 domum
800 353 876 391 suam
898 353 960 392 esse
976 353 1029 392 nec
1045 337 1144 392 solvat

157 428 275 500 pretium
290 425 417 480 materiae
433 429 460 477 et
475 421 613 478 mercedes
628 420 783 491 fabrorum,
804 437 886 494 posse
902 437 965 476 eum
981 437 1033 493 per
1057 438 1145 477 exce-

158 511 279 584 ptionem
294 508 351 564 doli
365 505 426 562 mali
442 506 553 580 repelli,
576 507 670 578 utique
685 507 708 560 si
722 503 809 560 bonae
825 502 888 559 fidei
904 521 1056 578 possessor
1070 505 1142 576 fuit,

160 595 207 666 qui
221 591 400 648 aedificasset:
422 607 482 646 nam
497 591 602 660 scienti,
617 589 732 646 alienum
749 605 810 644 esse
826 588 926 658 solum,
941 597 1039 662 potest
1055 590 1143 662 culpa

160 676 245 749 obici,
268 676 341 751 quod
361 683 464 732 temere
484 672 662 730 aedificaverit
681 675 708 728 iu
723 689 756 728 eo
772 673 849 742 solo,
865 673 940 745 quod
955 672 1144 748 intellegeret

108 771 139 820 31
160 761 275 818 alienum
292 778 360 816 esse.
392 759 421 814 Si
436 759 522 814 Titius
537 758 651 814 alienam
665 757 783 830 plantam
802 759 830 812 in
850 773 902 812 suo
918 757 980 812 solo
996 759 1143 831 posuerit,

146 841 246 918 ¹ipsius
263 847 329 900 erit:
346 853 421 900 etex
437 842 544 897 diverso
560 843 583 896 si
594 841 679 896 Titius
696 857 771 897 suam
786 840 905 913 plantam
920 842 949 896 in
960 841 1056 896 Maeuii
1073 843 1141 897 solo

160 931 294 1002 posuerit,
310 927 402 983 llaevii
417 926 510 998 planta
525 927 587 994 erit,
602 925 718 980 simodo
735 933 853 998 utroque
868 942 934 980 casu
945 925 1052 980 radices
1069 943 1142 1000 ege-

160 1015 204 1070 rit.
236 1023 378 1085 autequam
390 1018 490 1064 *autem
510 1008 612 1064 radices
634 1011 738 1082 egerit,
761 1011 818 1064 eius
835 1018 993 1081 permanet,
1010 1011 1092 1065 cuius
1110 1018 1142 1065 et

160 1099 256 1152 luerat.
288 1096 354 1151 adeo
371 1102 460 1148 autem
476 1109 563 1164 exeo,
580 1109 679 1165 exque
694 1093 798 1148 radices
813 1095 871 1166 agit
885 1093 990 1166 planta,
1006 1096 1142 1168 proprie-

160 1188 200 1234 tas
216 1181 274 1235 eius
290 1185 481 1248 commutatur,
497 1185 544 1247 ut,
560 1178 584 1232 si
599 1177 678 1234 vicini
693 1177 816 1232 arborem
832 1179 869 1232 ita
885 1185 959 1232 terra
974 1177 1039 1232 Titii
1055 1195 1140 1251 pres·

159 1265 236 1334 serit,
252 1265 325 1318 utin
340 1263 398 1317 cius
413 1261 527 1316 fundum
542 1260 645 1316 radices
661 1269 765 1334 ageret,
781 1261 843 1316 Titii
859 1259 930 1317 effici
947 1260 1076 1318 arborem
1096 1262 1140 1317 di-

159 1341 283 1402 camusz¹
304 1348 438 1402 rationem
459 1346 558 1400 etenim
582 1361 639 1400 nou
660 1347 834 1418 permittere,
859 1353 889 1401 ut
910 1345 1026 1400 alterius
1050 1346 1139 1402 arbor

160 1448 220 1487 esse
239 1431 432 1505 intellegatur,
455 1446 534 1502 quam
555 1429 630 1485 cuius
651 1430 679 1484 in
702 1428 816 1484 fundum
835 1429 940 1486 radices
956 1431 1073 1504 egisset.
1108 1439 1140 1486 et

158 1515 219 1572 ideo
240 1533 327 1590 prope
347 1513 493 1570 confinium
514 1512 595 1568 arhor
615 1514 705 1586 posita
724 1515 747 1568 si
763 1515 843 1568 etiam
863 1515 892 1568 in
912 1515 994 1570 vicini
1015 1514 1138 1570 fundum

108 1601 140 1652 32
158 1599 261 1656 radices
273 1601 370 1673 egerit,
383 1599 532 1654 eommunis
549 1595 587 1652 fit.
614 1591 691 1663 ²Qua
705 1599 811 1652 ratione
823 1605 913 1654 autem
924 1598 1046 1671 plantae,
1059 1617 1137 1672 quae

159 1693 232 1738 terra
247 1685 413 1750 coalescunt,
428 1683 489 1736 solo
504 1681 614 1750 cedunt,
629 1680 721 1736 eadem
736 1682 841 1737 ratione
856 1681 993 1743 frumenta
1008 1699 1138 1756 quoque,

160 1783 228 1838 quae
244 1775 299 1821 sata
315 1773 394 1834 sunt,
418 1764 478 1819 solo
499 1763 595 1819 cedere
615 1763 823 1838 intelleguntur.
859 1774 981 1821 ceterum
1003 1769 1076 1824 sicut
1098 1770 1136 1838 is,

160 1850 206 1921 qui
221 1851 248 1904 iu
269 1849 357 1904 alieno
380 1847 440 1903 solo
461 1845 655 1917 aedificaverit,
678 1850 701 1902 si
722 1848 755 1904 ab
775 1866 808 1904 eo
825 1849 950 1906 dominus
966 1858 1043 1924 petat
1058 1853 1137 1908 aedi·

159 1931 261 2004 ficium,
277 1930 384 1988 delendi
399 1939 492 2004 potest
506 1948 555 2004 per
571 1933 757 2004 exceptionem
773 1933 829 1988 doli
842 1934 905 1988 mali
920 1935 1072 1990 secundum
1090 1953 1135 2010 ea,

160 2033 228 2090 quae
243 2017 374 2073 diximus:
390 2017 426 2072 ita
441 2015 561 2072 eiusdem
573 2017 739 2089 exceptionis
752 2017 850 2074 auxilio
866 2025 943 2074 tutus
960 2036 1019 2075 esse
1035 2029 1136 2094 potest

108 2110 141 2162 33
160 2103 192 2169 is,
210 2103 256 2175 qui
271 2103 387 2158 alienum
407 2100 521 2156 fundum
542 2117 591 2156 sua
610 2100 816 2174 impensa-bona
837 2101 890 2156 lide
910 2105 1043 2160 consevit.
1074 2103 1137 2160 Lit-

159 2193 233 2242 terae
249 2203 373 2260 quoque,
383 2177 457 2241 ‘licet
472 2201 568 2240 aureae
583 2186 652 2256 sint,
668 2185 780 2258 perinde
795 2186 894 2242 chartis
911 2187 1135 2262 membranisque

160 2269 272 2340 cedunt,
288 2272 342 2325 acsi
357 2269 417 2325 solo
433 2268 529 2324 cedere
544 2269 634 2324 solent
650 2285 695 2338 ea,
717 2286 784 2341 quae
799 2269 1005 2327 inaedificantur
1025 2282 1074 2328 aut
1090 2275 1135 2329 in·

159 2361 303 2406 seruntur:
324 2352 441 2424 ideoque
462 2353 532 2406 siin
555 2353 655 2406 chartis
671 2352 864 2416 membranisve
885 2357 939 2410 tuis
961 2373 1071 2412 carmen
1088 2359 1134 2414 vel

161 2435 299 2491 historiam
314 2435 357 2490 vel
373 2437 522 2490 orationem
540 2435 626 2490 Titius
648 2438 801 2509 scripserit,
823 2438 904 2494 huius
925 2443 1052 2514 corporis
1073 2459 1134 2498 uon

160 2517 262 2590 Titius,
284 2519 332 2575 sed
347 2527 377 2574 tu
394 2518 519 2574 dominus
541 2535 600 2580 esse
616 2514 780 2576 videberis.3
816 2523 863 2578 sed
878 2525 901 2578 si
917 2541 931 2580 a
947 2524 1018 2590 Titio
1039 2534 1132 2599 peteS,

160 2609 222 2656 tuos
238 2602 321 2660 libros
339 2611 431 2658 tuasve
446 2601 612 2658 membranas
628 2620 705 2674 esse,
727 2621 776 2660 nec
802 2607 950 2680 impensam
971 2610 1133 2686 scripturae

159 2685 265 2743 solvere
280 2696 390 2762 paratus
405 2689 453 2758 sis,
465 2688 567 2760 poterit
579 2704 609 2742 se
621 2689 707 2743 Titius
717 2688 863 2748 defendere
879 2710 928 2765 per
939 2695 1132 2766 exceptionem

160 2769 214 2824 doli
230 2773 302 2843 mali,
318 2774 413 2846 utique
425 2774 448 2828 si
462 2769 597 2828 bonafide
613 2789 703 2828 earum
716 2774 868 2830 chartarum
877 2775 1133 2835 membranarumve

108 2864 142 2914 34
159 2859 360 2924 possessionem
382 2866 496 2913 nanctus
518 2865 569 2912 est.
606 2856 634 2912 st
655 2859 715 2930 quis
736 2859 764 2912 in
784 2859 869 2915 aliena
885 2861 974 2916 tabula
996 2863 1131 2934 pinxerit,

160 2937 267 3008 quidam
283 2949 380 3014 putant
396 2942 512 2998 tabulam
528 2943 649 3014 picturae
665 2941 775 2998 cedere:
792 2944 850 3000 aliis
866 2945 973 3000 videtur
988 2941 1132 3018 pictura,⁴

159 3085 361 3101 -———·n—

228 3185 247 3251 ¹)
265 3192 303 3240 st'c
317 3193 397 3244 codd.
416 3195 497 3260 aliqui
513 3193 593 3255 infer.
615 3190 730 3241 dicimus
748 3207 783 3242 ex
801 3195 876 3248 cedd.
899 3201 947 3244 oet.
972 3195 1032 3244 edd.
1052 3195 1132 3246 Sebr.

159 3260 185 3302 et
202 3254 252 3303 Kr.
323 3258 344 3322 ²)
363 3261 403 3323 ἐξ.
424 3265 465 3314 32.
483 3264 525 3312 33.
543 3261 602 3323 fere
619 3280 653 3300 =
670 3260 730 3310 L.9
746 3277 790 3324 pr.
808 3261 832 3321 ξ.
851 3263 874 3309 1.
893 3261 927 3313 D.
946 3263 978 3311 de
996 3277 1056 3327 aeq.
1075 3280 1132 3314 rer.

159 3321 224 3370 dom.
239 3323 290 3386 (41,
306 3325 330 3388 1)
344 3343 379 3377 ex
393 3329 451 3378 Gaii
459 3333 476 3378 l.
488 3332 504 3378 2
516 3343 570 3378 rer.
582 3335 649 3392 quot.
685 3323 819 3393 ³)saripst.
832 3327 937 3382 videris
950 3329 982 3387 T,
993 3329 1132 3380 iudiceris

158 3386 211 3462 ᾼΒ
229 3392 288 3446 edd.
307 3393 381 3448 θοὴν.
400 3403 426 3446 et
443 3397 493 3446 Kr.
512 3411 549 3445 sc.
567 3395 664 3457 factum
681 3395 728 3444 boc
746 3410 781 3444 ex
793 3394 943 3444 uideberis.
963 3398 1039 3446 etiam
1053 3399 1132 3462 Diffi:

156 3454 341 3522 tutellegeris.
410 3461 431 3526 ⁴)
450 3465 585 3529 picturam
604 3463 643 3512 ed.
664 3462 714 3512 Kr.
733 3463 807 3514 codd.
826 3464 936 3512 vomant.
