2486 3916
209 255 314 302 eumne
333 258 421 294 monrs
442 260 488 296 1us
508 259 678 296 eonsensum
698 260 839 298 sonvrnun
857 247 880 312 1,
900 250 941 298 12.
1022 247 1062 310 19

517 513 575 554 ult.
588 513 643 554 ΧΠ.

170 615 306 679 QUIBUS
324 614 439 667 MODIS
457 615 519 668 IUS
538 615 768 668 POTESTATIS
788 615 982 670 SOLVITUR.

156 735 167 772 ¹
182 737 324 793 Videamus
340 755 426 809 nuno,
443 737 639 812 quibusmodis
655 740 689 809 ii,
712 741 759 812 qui
773 739 862 796 alieno
877 743 929 798 iuri
943 742 1058 801 subiecti
1077 765 1112 806 121.

87 831 172 894 sunt,
196 839 228 878 eo
248 823 308 878 iure
324 821 480 878 liberantur.
511 831 539 878 et
554 822 661 896 quidem
683 825 753 878 servi
773 825 997 896 quemadmodum
1012 845 1061 902 po-

86 914 190 962 testate
205 905 370 978 liberantur,
386 923 419 962 ex
434 908 476 962 his
489 905 651 981 intellegere
663 924 826 981 possumus,
843 925 911 982 quae
926 910 960 965 de
975 914 1060 968 servis

86 991 311 1047 manumittendis
326 992 451 1065 superius
467 991 650 1064 exposuimus.
680 992 708 1047 hi
723 1008 804 1064 vero,
821 993 909 1066 quiin
924 1004 1061 1067 potestate

86 1069 211 1148 parentis
234 1083 314 1146 sunt,
337 1085 446 1130 mortun
463 1091 495 1130 eo
511 1077 554 1130 sui
568 1077 635 1130 iuris
651 1074 729 1132 liunt.
766 1075 814 1132 sed
835 1078 889 1134 hoc
909 1077 1061 1136 distInctio-

86 1177 151 1221 nem
173 1161 279 1233 recipit.
310 1176 370 1214 nam
391 1168 500 1215 mortuo
521 1167 598 1233 patre
625 1177 689 1216 sane
711 1159 866 1216 omnimodo
888 1159 936 1218 filii
957 1162 1060 1220 filiaeve

86 1247 130 1300 sui
146 1246 214 1300 iuris
230 1241 393 1300 efficiuntur.
417 1252 525 1300 mortuo
546 1260 611 1299 vero
627 1261 676 1300 avo
696 1261 752 1300 non
774 1246 929 1302 omnimodo
945 1258 1060 1321 nepotes

85 1337 243 1402 neptesque
257 1329 299 1384 sui
314 1329 381 1384 iuris
396 1325 482 1400 fiunt,
498 1327 546 1394 sed
561 1329 613 1399 ita,
635 1331 658 1384 si
675 1337 738 1402 post
753 1338 869 1386 mortem
884 1333 924 1386 avi
939 1333 967 1388 in
981 1341 1060 1406 pote-

87 1422 191 1468 statem
213 1414 296 1486 patris
318 1414 361 1468 sui
380 1414 499 1468 recasuri
519 1429 576 1467 non
596 1423 674 1469 sunt:
700 1415 792 1487 itaque
817 1415 840 1468 si
861 1417 994 1472 moriente
1010 1435 1059 1474 avo

86 1504 172 1571 pater
186 1513 278 1552 eorum
293 1505 321 1553 et
335 1498 400 1552 vivit
415 1505 442 1552 et
456 1498 485 1552 in
506 1503 641 1570 potestate
662 1498 746 1570 patris
767 1499 809 1553 sui
831 1506 888 1571 est,
909 1507 976 1556 tunc
995 1508 1060 1574 post

87 1580 195 1638 obitum
212 1583 252 1636 avi
267 1583 294 1637 in
309 1589 446 1656 potestate
469 1581 554 1654 patris
569 1582 612 1635 sui
627 1579 711 1636 fiunt:
736 1583 840 1638 sivero
861 1584 900 1655 is,
922 1600 976 1658 quo
992 1594 1060 1640 tem·

85 1683 158 1740 pore
174 1670 238 1722 avu‘s
253 1669 383 1736 moritur,
403 1673 450 1720 aut
464 1667 515 1720 iam
531 1672 655 1721 mortuus
671 1675 714 1722 est
734 1674 780 1722 aut
795 1668 859 1723 exiit
874 1667 908 1723 de
922 1676 1059 1741 potestate

85 1752 192 1825 patris,
214 1758 278 1807 tunc
293 1751 336 1822 hi,
358 1751 421 1824 quia
440 1751 469 1805 in
483 1756 650 1824 potestatem
671 1752 728 1807 eius
750 1751 846 1807 cadere
861 1767 917 1808 non
931 1762 1059 1826 possunt,

85 1837 128 1892 sui
145 1837 215 1891 iuris
231 1833 308 1891 liunt.
347 1828 432 1890 ²Cum
453 1841 542 1890 autem
557 1836 597 1907 is,
618 1837 665 1909 qui
681 1834 715 1891 oh
730 1835 840 1908 aliquod
856 1835 1015 1894 maleficium
1030 1840 1059 1894 in
1079 1849 1091 1894 1

9 1915 11 1988 J
85 1919 206 1976 insulam
231 1919 407 1992 deportatur,
434 1920 568 1975 civitatem
590 1921 704 1990 amittit,
731 1921 855 1993 sequitur
876 1929 922 1992 ut,
949 1923 1011 1996 qnia
1026 1939 1059 1978 eo

85 2005 172 2060 modo
189 2019 221 2059 ex
236 2020 349 2060 numero
361 2005 458 2060 civium
468 2002 650 2059 Romanorum
665 2004 780 2075 tollitur,
795 2005 908 2076 perinde
921 2007 975 2062 acsi
986 2023 1059 2062 mor·

9 2091 10 2096 ’
84 2097 133 2144 tuo
154 2105 188 2144 eo
210 2087 334 2144 desinant
355 2087 432 2144 liberi
451 2089 480 2142 io
500 2093 636 2160 potestate
657 2089 715 2142 eius
736 2103 805 2142 esse.
835 2089 893 2160 pari
910 2089 1015 2144 ratione
1032 2099 1059 2145 et

85 2175 107 2227 si
122 2175 162 2244 is,
178 2173 226 2245 qui
240 2173 268 2228 in
279 2179 417 2246 potestate
428 2172 547 2245 parentis
563 2172 609 2242 sit,
624 2173 653 2226 in
664 2171 780 2226 insulam
792 2170 951 2244 deportatus
963 2171 1058 2244 inerit,

85 2257 190 2313 desinit
204 2258 233 2312 in
247 2265 385 2330 potestate
399 2257 519 2331 parentis
540 2271 610 2310 esse.
647 2255 696 2311 sed
711 2256 735 2310 si
750 2271 783 2310 ex
798 2255 969 2330 indulgentia
982 2259 1057 2330 prin·

85 2341 169 2415 cipali
183 2342 305 2396 restituti
319 2341 438 2413 inerint,
458 2356 508 2414 per
528 2341 617 2396 omnia
637 2341 782 2414 pristinum
796 2346 897 2396 statum
912 2341 1056 2415 recipiunt.

86 2419 233 2499 ³Relegati
248 2434 337 2481 autem
357 2434 448 2499 patres
467 2427 496 2480 in
511 2423 627 2480 insulam
641 2426 670 2480 in
683 2432 820 2498 potestate
836 2441 885 2480 sua
900 2424 1000 2482 liberos
1016 2443 1058 2482 re·
1077 2437 1093 2484 2

84 2512 191 2566 tinent:
208 2519 235 2566 et
251 2526 265 2565 e
281 2512 417 2566 contrario
439 2509 517 2565 liberi
537 2509 652 2582 relegati
665 2511 694 2564 io
709 2517 845 2583 potestate
858 2519 1001 2584 parentum
1016 2528 1059 2567 re-

85 2602 208 2650 manent.
255 2593 363 2650 Poenae
388 2611 484 2650 servus
510 2593 620 2650 effectus
647 2591 717 2648 filios
743 2595 771 2649 in
796 2601 935 2668 potestate
960 2593 1093 2653 haberes

86 2679 199 2734 desinit.
249 2680 321 2735 servi
345 2687 434 2734 autem
458 2694 562 2752 poenae
588 2675 765 2750 efficiuntur,
798 2680 845 2752 qui
869 2681 897 2734 in
920 2678 1059 2734 metallum

86 2764 252 2819 damnantur
266 2771 294 2818 et
310 2765 356 2836 qui
371 2762 466 2818 bestiis
481 2761 660 2818 subiciuntur.
705 2761 905 2818 liliusiamilias
921 2765 944 2818 si
959 2763 1058 2818 milita·
1077 2775 1094 2821 4

86 2851 173 2920 verit⁷
196 2848 239 2904 vel
254 2849 278 2903 si
292 2857 404 2922 senator
427 2846 468 2902 vel
484 2846 580 2903 consul
596 2845 796 2919 lucrifactus,
818 2856 907 2902 manet
928 2849 956 2902 in
971 2849 1056 2922 patris

86 2940 235 3006 potestate.
267 2931 360 2987 militia
375 2933 445 2988 enim
460 2931 503 2987 vel
518 2931 669 2988 consularia
690 2931 806 3006 dignitas
821 2933 905 3006 patris
920 2940 1059 3006 potestate

87 3016 175 3072 lilium
190 3033 247 3072 non
267 3015 372 3072 liberat.
403 3015 452 3072 sed
474 3032 506 3072 en
533 3016 731 3072 constitutione
750 3011 865 3072 nostra4
893 3033 998 3073 summa
1012 3035 1059 3092 pa-

88 3101 213 3158 triciatus
235 3095 358 3176 'dignitas
386 3100 458 3156 illico
481 3099 513 3156 ab
533 3099 715 3174 imperialibus
736 3100 867 3157 codicillis
889 3103 1058 3174 praestitisa

87 3187 177 3259 patria
195 3193 333 3260 potestate
353 3185 459 3242 liberat.
502 3185 563 3258 quis
591 3185 661 3240 enim
688 3186 806 3258 patiatur
825 3194 930 3258 patrem
951 3185 1059 3259 quidem

161 3398 180 3467 ¹)
245 3403 302 3453 θ.
323 3403 510 3460 1,124.126
531 3402 588 3452 127.
677 3397 1059 3464 ¹)parttm=cat.1,128.

87 3465 110 3532 ³)
126 3469 311 3531 fere-4
244 3471 311 3520 L.4
313 3471 371 3519 .D.
391 3471 424 3520 de
440 3471 535 3522 interd.
555 3476 580 3518 et
597 3470 644 3518 rel.
665 3465 716 3532 (48,
737 3463 780 3533 22)
799 3483 835 3517 ecc
852 3465 986 3515 Marcioni
1003 3469 1020 3515 l.
1033 3469 1058 3516 2.

86 3537 170 3586 instit.
238 3533 304 3604 ¹)L
306 3540 356 3590 ..5
374 3537 402 3588 C
420 3539 453 3588 de
471 3535 592 3589 consulib.
613 3533 664 3602 (11,
683 3532 721 3600 3).

864 3573 948 3674 2²¹*v
