2464 3916
185 216 246 280 118
367 232 402 266 os
423 229 611 266 soccessross
631 229 814 266 urssnrooum
833 215 884 279 ΙΙΙ,
906 217 920 264 Ι
940 212 986 278 (8).

184 371 379 448 computetur),
400 372 504 428 nullum
520 371 610 427 locum
626 369 720 427 habeat
734 379 867 445 patronus
888 372 916 426 in
932 387 1026 426 eorum
1046 386 1142 426 succes-

184 461 305 528 sionem,
321 458 344 512 si
360 465 447 512 tamen
463 464 655 513 testamentum
670 456 793 512 fecerint.
810 457 852 510 sin
868 462 957 512 autem
973 455 1094 510 intestati
1108 454 1143 510 de·

184 543 331 614 cesserint,
352 541 429 596 nullo
445 539 592 596 liberorum
604 541 716 612 relicto,
737 549 802 597 tunc
822 547 981 613 patronatus
1000 540 1059 610 ius,
1081 540 1143 612 quod

184 633 242 682 erat
266 643 297 681 ex
324 626 385 700 lege
401 623 544 681 duodecim
560 623 725 697 tabularum,
751 627 888 698 integrum
913 625 1068 680 reservavit.
1094 641 1145 678 cum

184 727 249 766 vero
265 712 378 766 maiores
394 709 554 766 centenariis
569 711 640 781 sint,
661 711 684 766 si
705 709 819 766 heredes
840 708 882 764 vel
896 707 1032 765 bonorum
1046 725 1145 783 posses-

161 785 164 792 ’
185 811 262 852 sores
277 794 377 851 liberos
393 793 509 851 habeant
524 795 580 850 sive
596 811 679 850 unum
692 796 748 850 sivo
759 795 852 868 plures
866 795 1060 868 cuiuscumque
1075 811 1145 849 senus

185 879 228 936 vel
243 879 361 954 gradus,
383 879 415 934 ad
431 895 477 934 eos
493 881 693 936 successionem
714 887 857 954 pareutum
873 878 1049 951 deduximus,
1071 881 1147 934 omni·

186 963 237 1020 bus
252 965 373 1038 patronis
401 979 452 1020 una
467 980 527 1018 cum
554 981 602 1019 sua
628 965 760 1039 progenie
775 964 897 1020 semotis.
935 965 1083 1020 sinautem
1098 966 1147 1020 sine

186 1047 276 1104 liberis
292 1047 474 1120 decesserint,
490 1049 512 1103 si
528 1049 637 1122 quidem
651 1049 788 1119 intestati,
809 1046 842 1103 ad
857 1064 964 1104 omnem
980 1048 1147 1104 hereditatem
1213 1095 1214 1100 ,

186 1140 315 1206 patronos
331 1141 514 1207 patronosque
529 1134 695 1189 vocavimus:
721 1133 823 1189 sivero
840 1139 1031 1189 testamentum
1048 1133 1148 1206 quidem
1213 1155 1214 1163 ¹

187 1217 318 1287 iecerint,
339 1226 470 1290 patronos
491 1225 580 1274 autem
601 1217 644 1274 vel
659 1227 785 1292 patronas
801 1219 1003 1291 praeterierint,
1021 1235 1083 1273 cum
1098 1218 1149 1274 nru-
1213 1249 1214 1270 t

187 1301 228 1356 los
258 1299 358 1356 liberos
388 1301 518 1358 habereut
546 1302 589 1358 vel
618 1301 747 1358 babentes
776 1318 823 1358 eos
854 1301 1089 1374 exheredavcrint,
1115 1304 1149 1358 vel
1213 1299 1214 1303 ’

188 1393 273 1442 mater
287 1387 342 1440 sive
357 1403 421 1441 avus
443 1396 580 1443 maternus
601 1404 648 1444 cos
664 1388 850 1462 praeterierit,
872 1389 909 1442 ita
929 1395 961 1442 ut
980 1404 1037 1443 non
1051 1389 1150 1462 possint

187 1471 264 1544 argui
285 1468 437 1526 inofficiosa
457 1488 553 1529 eorum
575 1479 747 1529 testamenta:
777 1479 843 1526 tunc
863 1488 896 1526 er
917 1480 1011 1527 nostra
1025 1475 1149 1529 constitu-

188 1556 262 1610 tione
276 1571 326 1628 per
341 1554 475 1612 bonorum
490 1557 689 1630 possessiouem
711 1565 807 1612 contra
822 1555 926 1612 tabulas
941 1573 998 1612 non
1013 1557 1148 1628 dimidiam,

187 1646 309 1710 utente,
326 1639 373 1694 sed
389 1642 495 1697 tertiam
510 1650 614 1714 partem
628 1641 762 1698 bonorum
778 1639 868 1696 liberti
883 1650 1100 1714 consequantur,
1114 1643 1149 1697 vel

189 1722 262 1796 quod
278 1723 355 1778 deest
375 1725 431 1794 eis,
453 1740 483 1779 eu
505 1727 702 1782 constitutione
722 1732 816 1782 nostra
835 1725 988 1800 repleatur,
1010 1727 1148 1800 siquando

188 1808 275 1861 miuus
289 1808 371 1862 tertia
385 1815 462 1880 parte
477 1807 611 1864 bonorum
627 1826 739 1865 suorum
760 1809 872 1866 libertus
894 1809 936 1866 vel
951 1809 1049 1866 liberta
1063 1813 1099 1866 eis
1113 1827 1148 1866 re·
1215 1799 1216 1804 ἵ

188 1891 332 1964 liquerint,
348 1892 384 1946 ita
400 1893 459 1948 sine
476 1909 574 1965 onere,
596 1902 627 1949 ut
642 1910 692 1949 nec
707 1893 799 1951 liberis
815 1893 904 1950 liberti
919 1893 1064 1952 libertacve
1079 1911 1108 1951 eu
1121 1911 1148 1950 ea

187 1983 264 2048 parte
289 1975 376 2050 legata
398 1976 440 2032 vel
456 1975 660 2034 fideicommissa
685 1987 856 2053 praestentur
878 1979 926 2035 sed
952 1979 984 2034 ad
1011 1979 1147 2036 coheredes

188 2059 240 2116 hoc
257 2076 326 2116 onus
342 2061 519 2125 redundaret;
546 2064 641 2120 multis
668 2063 726 2118 aliis
747 2063 851 2120 casibus
868 2063 974 2120 anobis
996 2066 1023 2120 in
1038 2064 1149 2139 praelata

188 2145 384 2202 constitutione
399 2149 590 2222 congregatis,
613 2165 681 2222 quos
697 2149 864 2204 necessarios
880 2165 940 2204 esse
955 2148 988 2204 ad
1003 2148 1149 2208 huiusmodi

188 2231 253 2285 iuris
270 2229 475 2304 dispositionem
496 2235 701 2306 perspeximus:
727 2241 758 2289 ut
778 2241 830 2289 tam
852 2235 960 2308 patroni
975 2242 1150 2308 patronaeque

188 2331 267 2386 qnam
292 2314 370 2370 liberi
394 2333 488 2372 eorum
514 2334 634 2373 necnon
660 2319 706 2392 qui
732 2335 764 2374 ex
779 2326 934 2376 transverso
949 2319 1033 2376 latere
1048 2320 1151 2374 veniunt

188 2398 323 2470 usquead
340 2401 465 2472 quintum
486 2401 599 2475 gradum
620 2402 653 2456 ad
667 2404 868 2459 successionem
887 2402 1047 2460 libertorum
1059 2418 1150 2458 vocen-

187 2490 248 2551 tur,
264 2483 335 2537 sicut
350 2499 383 2537 er
398 2499 429 2538 ea
444 2487 641 2541 constitutione
656 2487 868 2562 intellegendum
884 2495 940 2543 est:
956 2496 987 2544 ut
1001 2490 1024 2544 si
1039 2485 1150 2544 eiusdem

187 2567 296 2638 patroni
312 2567 354 2623 vel
369 2576 500 2641 patronae
515 2569 557 2624 vel
572 2569 688 2626 duorum
704 2571 817 2627 duarum
832 2571 984 2645 pluriumve
1000 2575 1054 2628 sint
1068 2571 1150 2639 liberi,

189 2650 235 2724 qui
251 2652 402 2723 proximior
417 2662 473 2726 est,
490 2653 522 2708 ad
538 2653 627 2710 liberti
643 2672 692 2711 seu
702 2655 816 2711 libertae
831 2664 944 2712 vocetur
958 2657 1151 2714 successionem
1202 2649 1217 2669 ”

188 2736 258 2790 etin
273 2737 376 2809 capita,
398 2754 452 2793 uon
473 2739 500 2794 in
522 2739 621 2812 stirpes
637 2739 770 2796 dividatur
785 2743 939 2813 successio,
960 2741 1057 2798 eodem
1076 2739 1150 2796 modo
1216 2739 1217 2768 ³

188 2825 216 2874 et
231 2821 258 2874 in
273 2821 331 2892 his,
348 2823 394 2895 qui
409 2839 442 2878 cx
457 2830 613 2879 transverso
635 2825 719 2881 latere
739 2826 866 2897 veniunt,
887 2825 1030 2882 servando.
1073 2839 1151 2900 paene

188 2904 258 2958 enim
285 2907 460 2961 consonantia
486 2908 545 2962 iuro
572 2909 747 2983 ingenuitatis
768 2917 796 2965 et
811 2909 993 2966 libertinitatis
1009 2913 1036 2968 in
1051 2925 1151 2966 succes·

152 2986 310 3042 4sionibus
336 2989 457 3046 lecimus.
497 2989 550 3048 Sed
577 2993 643 3050 haec
666 2994 699 3050 de
725 2995 767 3049 bis
793 2993 924 3052 libertinis
951 2995 1033 3051 hodie
1048 2991 1152 3051 dicenda

188 3079 268 3142 suot,
298 3074 343 3146 qui
365 3075 393 3130 in
413 3077 548 3132 civitatem
562 3075 707 3134 Romanam
728 3087 926 3152 pervenerunt,
954 3097 1015 3136 cum
1031 3097 1081 3136 nec
1095 3083 1152 3134 suot

187 3156 232 3212 alii
246 3155 352 3230 liberti,
374 3159 454 3219 simul
471 3169 498 3216 et
513 3160 646 3220 dediticiis
668 3171 695 3218 et
709 3163 811 3219 Latinis
826 3163 954 3236 sublatis,
975 3181 1037 3221 cum
1051 3163 1152 3218 batmo-

186 3257 248 3296 rum
263 3241 400 3315 legitimae
415 3247 602 3302 successiones
623 3247 714 3304 nullae
733 3249 842 3321 penitus
864 3257 955 3321 crant,
977 3251 1025 3322 qui
1044 3249 1107 3304 licet
1125 3250 1152 3298 ut

186 3325 266 3380 liberi
280 3327 359 3388 vitam
375 3345 451 3383 suam
466 3329 642 3403 peragebant,
657 3339 775 3387 attamen
787 3333 846 3405 ipso
859 3333 954 3388 ultimo
966 3335 1064 3407 spiritu
1078 3327 1152 3388 simul

188 3410 301 3464 animam
327 3421 408 3485 atque
434 3411 586 3468 libertatem
607 3415 781 3486 amittebant,
808 3423 836 3470 et
864 3418 941 3488 quasi
967 3433 1105 3474 servorum
1119 3415 1152 3468 ita

188 3489 259 3546 bona
274 3510 368 3550 eorum
383 3497 442 3551 iure
458 3495 656 3568 quodammodo
672 3499 771 3572 peculii
791 3516 823 3554 er
843 3499 905 3573 lege
925 3498 1002 3558 lunia
1016 3498 1151 3557 manumis-
