2464 3916
297 218 333 252 ns
351 215 511 252 acxiamus
530 214 702 251 acmonmus
720 201 769 263 IV,
788 203 813 250 8.
986 197 1046 262 183

493 469 550 508 unt
563 469 632 509 vm.

296 573 346 622 DE
364 571 574 622 NOXALIBUS
593 570 824 624 ACTIONIBUS.

142 689 197 750 ¹iin
212 694 348 752 maleficiis
363 711 515 766 servorum,
530 694 614 750 veluti
628 697 652 750 si
667 694 769 750 furtum
786 695 900 750 iecerint
915 702 960 749 aut
974 693 1045 750 hona
1061 705 1098 743 Pr.

72 781 215 854 rapuerint
241 789 287 836 aut
313 779 439 835 damnum
470 779 594 835 dederint
626 787 672 834 aut
700 781 824 834 iniuriam
853 779 1046 849 commiserint,

71 864 184 920 noxales
200 865 321 920 actiones
343 863 466 938 proditae
491 872 572 934 sunt,
597 863 694 937 quibus
711 864 821 920 domino
844 863 969 918 damnato
985 879 1046 935 per·

73 950 207 1019 mittitur,
229 959 275 1003 aut
290 949 345 1004 litis
361 949 575 1004 aestimationem
596 948 710 1004 suii'crrc
736 957 782 1004 aut
803 949 939 1003 hominem
961 963 1047 1002 noxae

70 1033 183 1088 dedere.
220 1032 295 1089 Nona
310 1040 400 1088 autem
416 1039 458 1088 est
473 1037 589 1106 corpus,
612 1033 685 1106 quod
700 1035 810 1102 nocuit,
831 1031 859 1087 id
881 1039 923 1087 est
937 1047 1046 1086 servus:
1067 1038 1080 1082 1

71 1119 155 1174 uoria
168 1119 258 1190 ipsum
272 1116 449 1188 maleficium,
470 1117 553 1173 veluti
575 1117 694 1188 iustum,
719 1117 861 1186 damnum,
883 1117 991 1188 rapina,
1007 1117 1047 1170 in·

71 1203 152 1257 iuria.
192 1201 300 1258 Summa
315 1211 405 1257 autem
427 1203 532 1257 ratione
553 1203 714 1276 permissum
741 1210 783 1256 est
803 1217 889 1256 notae
910 1199 1046 1256 deditione
1065 1205 1081 1252 2

72 1285 204 1359 defungi:
221 1278 356 1359 ²uamque
371 1294 429 1341 erat
449 1287 589 1358 iniquum,
615 1287 762 1360 nequitiam
778 1302 873 1341 corum
888 1285 959 1340 ultre
975 1287 1048 1358 ipso-

71 1387 135 1425 rum
151 1387 266 1444 corpora
281 1370 395 1426 dominis
417 1369 572 1426 damnosam
592 1387 662 1427 csse.
699 1369 826 1426 Dominus
842 1369 932 1426 noxali
947 1369 1047 1424 iudicio
1066 1375 1081 1422 3

71 1457 147 1510 servi
162 1457 205 1510 sui
219 1456 328 1510 nomine
344 1461 505 1525 conventus,
520 1471 628 1510 servum
644 1456 729 1510 actori
744 1471 829 1510 norae
841 1453 965 1508 dedendo
981 1453 1048 1508 libc-

73 1547 160 1594 ratur.
199 1555 250 1594 nec
271 1540 359 1594 miuus
380 1547 542 1612 perpetuum
563 1541 621 1594 eius
641 1539 788 1594 dominium
804 1555 818 1593 a
834 1539 944 1593 domino
961 1546 1048 1592 trans·

74 1623 179 1680 fertur:
193 1625 217 1680 si
232 1630 321 1678 autem
337 1623 462 1678 damnum
478 1625 513 1694 ei,
529 1625 571 1678 cui
588 1623 695 1678 deditus
717 1631 774 1694 est,
798 1623 952 1678 resarcierit
967 1638 1048 1695 quae·

71 1709 127 1762 sita
143 1709 271 1780 pecunia,
287 1708 386 1762 auxilio
402 1709 551 1780 praetoris,
573 1709 657 1764 invito
673 1707 801 1779 domino,
817 1697 1048 1762 manumittitur.3

75 1786 166 1848 ⁴Sunt
182 1800 272 1847 autem
284 1793 448 1848 constitutae
460 1792 571 1848 noxales
581 1794 701 1848 actiones
713 1800 759 1846 aut
775 1791 881 1866 legibus
897 1791 1046 1847 antedicto
1065 1798 1082 1844 4

74 1877 225 1949 praetoris:
241 1875 348 1950 legibus
363 1877 447 1932 veluti
464 1876 529 1932 furti
545 1877 606 1950 lege
623 1877 764 1932 duodecim
780 1876 942 1947 tabularum,
959 1876 1048 1930 damni

72 1962 189 2016 iniuriae
210 1961 273 2034 iege
288 1960 406 2034 Aquilia:
437 1961 526 2016 edicto
547 1963 680 2034 praetoris
702 1961 786 2016 veluti
807 1962 965 2016 iniuriarum
981 1968 1009 2015 et
1023 1960 1048 2014 vi

74 2043 210 2100 honorum
232 2053 381 2118 raptorum.
420 2045 513 2100 Omnis
534 2053 624 2100 autem
644 2044 747 2100 noxalis
763 2045 833 2100 actio
856 2051 938 2116 caput
958 2045 1082 2116 sequi-5

74 2137 130 2184 tur.
162 2147 223 2185 nam
249 2130 272 2184 si
292 2146 386 2184 servus
408 2136 472 2185 tuus
488 2130 594 2184 noriam
610 2129 790 2197 commiserit,
818 2127 945 2199 quamdiu
960 2129 987 2182 in
1004 2144 1049 2182 tua

74 2221 213 2288 potestate
233 2215 284 2283 sit,
308 2220 396 2270 tecum
418 2221 461 2273 est
481 2214 565 2269 actio:
597 2213 620 2268 si
635 2214 663 2268 in
679 2212 789 2268 alterius
805 2219 970 2284 potestatem
986 2227 1048 2284 per-

74 2299 196 2369 venerit,
219 2315 280 2353 cnm
295 2297 343 2353 illo
364 2299 457 2371 incipit
472 2299 542 2354 actio
558 2313 634 2370 esse,
655 2303 702 2351 aut
723 2297 746 2351 si
762 2297 939 2351 manumissus
956 2295 1049 2366 suerit,

73 2383 181 2439 directo
197 2384 255 2456 ipse
276 2390 386 2438 tenetur
406 2391 433 2438 et
453 2383 624 2456 extinguitur
642 2397 729 2437 norae
749 2380 862 2436 deditio.
893 2397 926 2435 ex
941 2379 1048 2436 diverso

75 2483 188 2541 quoque
215 2467 314 2522 directa
339 2469 408 2523 actio
425 2467 527 2523 noxalis
550 2483 610 2522 esse
625 2466 731 2539 incipit:
758 2481 819 2520 nam
845 2466 868 2520 si
883 2463 951 2520 iiber
967 2465 1048 2520 homo

75 2553 185 2607 noxiam
200 2553 365 2607 commiserit
381 2559 407 2608 et
423 2553 446 2606 is
462 2569 556 2607 servus
578 2558 641 2606 tuus
657 2567 718 2606 esse
729 2551 855 2623 coeperit
877 2549 962 2622 (quod
982 2549 1049 2604 casi-

75 2635 128 2691 bus
144 2635 302 2708 quibusdam
329 2634 400 2692 citici
415 2638 502 2709 primo
525 2635 595 2691 libro
616 2635 785 2704 tradidimus,
795 2627 816 2706 ⁵)
842 2635 937 2706 incipit
961 2644 1049 2688 tecum

74 2737 138 2776 esse
153 2720 258 2775 noxalis
274 2721 360 2789 actio,
377 2737 445 2794 quae
460 2728 522 2776 ante
537 2719 638 2775 directa
651 2719 757 2775 inisset.
787 2717 815 2774 Si
827 2734 922 2772 servus
937 2717 1047 2772 domino
1066 2733 1081 2782 ss

76 2804 185 2860 noxiam
201 2805 380 2868 commiserit,
402 2805 473 2860 actio
494 2804 567 2859 nulla
583 2805 717 2858 nascitur:
738 2818 856 2876 namque
876 2804 947 2857 inter
962 2801 1048 2856 domi-

76 2905 143 2944 num
158 2897 186 2944 et
202 2905 281 2960 eum,
308 2890 355 2962 qui
380 2889 407 2943 in
423 2889 481 2943 eius
497 2895 634 2960 potestate
654 2896 711 2958 est,
738 2888 813 2944 nulla
829 2887 959 2961 obligatio
976 2886 1050 2940 nasei

75 2980 180 3046 potest.
208 2973 326 3047 ideoque
348 2981 375 3029 ct
390 2975 413 3028 si
427 2974 455 3028 in
477 2973 590 3028 alienam
605 2978 879 3046 potestatemservus
895 2971 1049 3046 pervenerit

75 3065 124 3113 aut
140 3060 319 3128 manumissus
335 3058 434 3128 inerit,
455 3073 544 3130 neque
565 3074 626 3112 cum
640 3054 701 3130 ipso
717 3071 806 3130 neque
821 3073 882 3110 cum
899 3073 949 3128 eo,
972 3057 1049 3110 ouius

148 3289 170 3354 ¹)
186 3291 245 3352 fere
262 3311 296 3332 =
316 3291 370 3340 Gai.
388 3292 473 3344 4,·75.
572 3285 592 3350 ²)
610 3289 667 3350 fere
687 3309 720 3328 =
740 3286 797 3336 Gai.
817 3288 841 3345 4,
866 3288 898 3336 75
912 3288 958 3348 fio.
1028 3282 1048 3347 ³)

77 3361 149 3408 malti
173 3360 248 3408 codd.
275 3359 352 3420 infer.
385 3357 496 3420 Tdeoplt.
529 3356 740 3404 manumittetur
769 3355 962 3418 reliqui'codd.
990 3353 1050 3402 edd.

77 3425 155 3476 Sede.
174 3433 201 3474 et
220 3423 268 3474 Kr.
370 3421 391 3487 ⁴)
410 3425 449 3485 ἐξ.
468 3424 551 3476 4...6
576 3423 634 3486 fere
652 3443 686 3464 =
705 3423 762 3472 Gai.
780 3424 806 3482 4,
826 3423 950 3474 to...ta.
1030 3417 1050 3482 δ)

76 3495 102 3554 ξ.
121 3495 147 3546 4.
167 3493 191 3546 I.
211 3493 244 3542 de
262 3495 317 3542 iure
334 3508 404 3558 pers.
425 3491 459 3556 (l,
478 3489 504 3554 3)
523 3490 546 3551 §-
567 3492 592 3540 1.
611 3489 635 3538 I.
654 3490 839 3552 decapenta.
858 3488 893 3553 (1,
914 3485 964 3551 16).
