2464 3916
150 193 210 258 106
272 211 307 244 os
327 209 466 244 esorrrnn
484 207 676 250 annuaroauu
695 206 881 242 successione
900 191 951 252 ΙΙΙ,
970 193 996 245 2.

148 369 201 425 quo
218 350 298 406 modo
314 349 504 423 amplectaturr
527 358 591 404 tunc
613 349 726 421 exlege
749 347 889 403 duodecim
912 345 1060 402 tabularum
1083 345 1115 401 ad

116 447 128 494 1
148 435 292 509 adgnatum
308 435 459 508 proximum
480 433 614 489 hereditas
634 435 761 507 pertinet.
798 431 867 487 Sunt
887 440 975 487 autern
995 431 1114 504 adgnati,

147 529 177 575 ut
192 520 278 592 primo
294 535 404 592 quoquc
424 511 511 573 libr0¹
534 517 708 587 tradidimuS,
730 518 838 590 cognati
860 533 908 589 per
929 515 1013 571 virilis
1035 531 1114 571 sexus

81 653 84 658 .
146 621 276 678 personas
298 605 460 676 cognatione
486 604 586 673 iuncti,
615 604 691 675 quasi
712 619 726 655 a
745 609 821 675 patre
849 601 966 674 cognati.
1005 593 1115 673 ²itaque

146 688 241 744 eodem
257 697 332 761 patre
348 689 402 744 irati
419 687 515 742 fratros
531 687 640 760 adgnati
654 686 705 742 sibi
720 693 800 756 sunt,
817 687 863 759 qui
878 694 906 740 et
921 686 1116 758 consanguinei

146 781 292 844 vocantur,
314 789 364 828 nec
379 774 542 845 requiritur,
564 789 596 826 an
613 773 692 826 etiam
708 770 818 826 eandem
834 777 945 825 matrem
962 767 1114 824 habuerint.

144 859 209 913 item
225 867 337 932 patruus
354 857 443 912 fratris
460 855 514 912 filio
531 864 557 912 et
573 858 684 911 invicem
700 857 722 910 is
738 855 776 910 illi
792 854 923 928 adgnatos
940 862 991 910 est.
1019 853 1114 909 ecdem

146 951 338 998 numerosum
360 942 456 996 iratres
472 940 624 1014 patrueles,
646 940 673 994 id
694 941 796 1012 estqui
817 955 850 994 ex
865 937 971 994 duobus
988 937 1114 992 iratribus

145 1028 280 1099 procreati
300 1035 380 1096 sunt,
403 1027 448 1098 qui
471 1027 550 1080 etiam
578 1023 733 1080 consobrini
761 1031 900 1079 vocantur.
937 1039 990 1095 qua
1010 1023 1115 1078 ratione

146 1110 278 1166 etiamad
300 1111 392 1183 plures
414 1109 513 1183 gradus
534 1109 704 1183 adgnationis
730 1109 871 1181 pervenire
892 1109 1051 1181 poterimus.
1088 1107 1116 1160 hi

146 1211 270 1270 quoque,
288 1196 334 1267 qui
349 1203 412 1267 post
427 1203 541 1249 mortem
558 1196 641 1267 patris
657 1202 820 1263 nascuntur,
843 1194 1035 1248 nanciscuntur
1049 1208 1116 1246 cun·

146 1280 358 1352 sanguinitatis
351 1295 419 1334 iura.
449 1296 503 1334 non
522 1286 609 1333 tamen
626 1277 749 1333 omnibus
770 1276 849 1332 simul
871 1277 995 1350 adgnatis
1011 1275 1055 1330 dat
1071 1275 1115 1330 len

146 1363 337 1435 hereditatem,
360 1363 480 1433 sedilis,
503 1361 1115 1436 quatuncpronrmogradusuntcumcer·

112 1455 203 1506 utum
219 1465 279 1503 esse
300 1450 436 1522 coeperit,
462 1447 577 1521 aliquem
599 1449 756 1502 intestatum
777 1445 934 1500 decessisse.
979 1445 1030 1499 Per
1050 1443 1115 1500 ado·

146 1533 265 1604 ptionem
278 1549 388 1606 quoquc
401 1533 594 1606 adgnationis
587 1549 629 1586 ms
645 1532 781 1601 consistit,
797 1530 880 1585 veluti
894 1531 966 1586 inter
981 1527 1051 1584 dlios
1069 1545 1116 1584 na-

146 1617 246 1672 turales
267 1627 294 1672 et
311 1634 373 1687 eos,
395 1634 464 1690 quos
484 1625 561 1689 pater
581 1632 675 1671 corum
697 1615 833 1688 adoptavit
853 1616 913 1685 (nec
934 1613 1044 1669 dubium
1061 1621 1114 1684 est,

146 1701 210 1774 quin
226 1702 334 1773 proprie
350 1701 546 1773 consanguinei
562 1698 756 1772 appellenturl:
772 1701 836 1754 item
852 1700 875 1754 si
891 1700 950 1771 quis
967 1715 998 1754 en
1015 1699 1114 1753 ceteris

146 1784 268 1858 adgnatis
285 1786 348 1854 tuis,
365 1783 447 1839 veluti
464 1783 547 1838 irater
561 1791 608 1838 aut
622 1792 734 1856 patruus
751 1792 797 1838 aut
812 1783 928 1856 deniquo
943 1785 976 1853 ΙΙ,
993 1784 1038 1854 qui
1053 1782 1115 1837 lon·

145 1869 222 1940 giore
238 1867 323 1940 gradu
339 1876 390 1938 ost,
407 1868 522 1941 aliquem
538 1867 716 1941 adoptaverit,
732 1867 858 1941 adgnatic
879 1869 949 1922 iuter
964 1859 1032 1922 vos3
1050 1883 1115 1922 esse

111 1965 198 2014 anon
220 1951 367 2008 dubitator.
405 1951 528 2008 Ceterum
556 1954 627 2008 inter
653 1952 786 2008 masculos
808 1951 917 2024 quidem
942 1951 1115 2024 adgnationis

145 2038 202 2092 iure
222 2037 356 2092 hereditas
378 2039 456 2093 etiam
477 2037 637 2110 longissimo
659 2037 744 2110 gradu
766 2037 838 2091 ultro
860 2038 983 2108 citroque
997 2037 1114 2108 capitur.

145 2121 218 2195 quod
240 2122 271 2177 ad
293 2122 403 2178 seminas
425 2139 489 2178 vero
509 2123 546 2177 ita
566 2121 702 2195 placebat,
725 2131 755 2176 ut
775 2123 847 2194 ipsae
870 2121 1116 2194 consanguinitatis

144 2209 203 2262 iure
220 2214 321 2262 tanturn
338 2209 444 2280 capiant
460 2207 651 2276 hereditatem,
673 2207 696 2260 si
710 2221 820 2261 sorores
836 2207 905 2275 sint,
927 2205 1040 2260 ulterius
1057 2221 1117 2260 non

143 2293 261 2363 capiant:
278 2293 389 2347 masculi
404 2308 467 2346 vero
484 2291 516 2345 ad
528 2307 618 2346 earum
632 2289 804 2360 hereditates,
819 2291 898 2344 etiam
914 2291 937 2344 si
952 2289 1117 2362 longissimo

144 2375 228 2448 gradu
244 2377 314 2444 sint,
336 2376 520 2430 admittantur.
557 2391 608 2446 qua
629 2374 663 2429 de
683 2391 762 2430 causa
783 2374 873 2430 fratris
896 2375 935 2428 tui
956 2382 1001 2428 aut
1021 2375 1118 2445 patrui

145 2460 182 2512 tui
199 2457 268 2513 filiae
286 2460 325 2514 vel
341 2461 512 2513 anitiaetuae
533 2458 666 2514 hereditas
688 2459 720 2513 ad
737 2467 763 2513 te
778 2453 960 2532 pertinebat‚4
980 2467 1025 2512 tua
1046 2473 1118 2512 vero

144 2543 174 2597 ad
197 2542 255 2597 illas
277 2560 331 2598 non
353 2541 513 2616 pertinebat.
545 2541 618 2615 quod
633 2542 694 2598 ideo
710 2545 746 2598 ita
761 2544 940 2598 constitutum
956 2551 1027 2612 erat,
1050 2543 1121 2614 quia

143 2626 309 2682 commodius
326 2626 479 2695 videbator,
496 2628 532 2680 ita
547 2628 605 2681 iura
620 2629 763 2698 constitui,
786 2635 815 2682 ut
830 2627 989 2700 plerumque
1006 2625 1122 2682 heredi-

144 2719 211 2768 tates
227 2711 259 2767 ad
275 2711 408 2768 masculos
424 2709 602 2766 confluerent.
633 2711 681 2766 sed
697 2713 758 2784 quta
780 2728 843 2767 saue
858 2711 979 2784 iniquum
995 2719 1070 2781 erat,
1087 2711 1122 2766 in

142 2798 296 2851 universum
312 2813 356 2852 eas
372 2796 448 2870 quasi
464 2803 602 2850 extraneas
618 2794 727 2868 repelli,
743 2804 912 2868 praetereas
929 2794 961 2850 ad
976 2794 1123 2850 honorum

141 2882 342 2952 possessionem
364 2874 540 2934 adrnittebat⁵
561 2888 702 2952 capena,
730 2897 781 2952 qua
803 2880 980 2952 proximitatis
1003 2881 1125 2936 nomine

209 3142 271 3206 ¹)5.
291 3145 314 3192 1.
334 3144 358 3194 I.
378 3145 409 3193 de
428 3145 497 3219 legit.
517 3160 575 3208 agn
594 3151 640 3193 tut.
660 3141 698 3206 (Ι,
720 3145 768 3207 15).
839 3143 987 3208 ¹)sere-
954 3165 988 3176 -
1008 3145 1069 3196 Gai.
1092 3151 1124 3208 3,

142 3214 241 3262 10.11.
311 3203 867 3276 ΙαδγνατιωνμεταξνημωνΙἫΙθορΙΙ
889 3213 1028 3276 adgnatos
1050 3219 1129 3266 tuus

145 3279 192 3328 W¹
210 3278 346 3377 adgnatos
374 3277 676 3344 (adgnausB)·1nter
698 3295 761 3328 sitos
790 3279 1072 3334 emeritensem.
1095 3291 1130 3333 et

139 3346 190 3395 Kr.
270 3344 336 3410 ⁴)ss
355 3363 407 3395 cum
430 3346 540 3407 Theopd.
562 3349 681 3408 pertinet
671 3347 726 3396 tT
741 3349 798 3398 edd.
819 3348 892 3400 Srltr.
912 3355 937 3397 et
955 3347 1005 3398 Kr.
1100 3351 1129 3414 5)

140 3413 164 3461 Β
182 3431 236 3528 gpam
258 3414 368 3478 Theopd.
398 3414 520 3462 admittit
550 3413 573 3462 T
588 3423 613 3463 et
630 3417 746 3480 plerique
765 3418 839 3467 codd.
859 3417 934 3479 infer.
955 3417 1015 3466 edd.
1034 3415 1129 3474 Salar.

139 3487 163 3528 et
200 3482 231 3530 Ἰ.
