2486 3916
153 227 196 292 64
381 243 417 278 ns
437 241 569 278 murrum
588 239 771 276 resrsuunro
789 226 826 288 11,
848 227 889 276 11.

152 385 207 442 litis
223 392 308 440 testes
324 377 475 454 eristeut‚¹
498 385 545 457 qui
561 373 739 454 adiirment‚²
759 399 788 440 se
804 383 911 438 audisse
926 382 1062 438 dicentem
1079 381 1128 437 ali-

153 485 259 542 quem,¹
272 468 426 542 relinquere
446 485 476 526 se
495 467 581 539 hona,
603 469 647 524 oui
667 469 754 523 visum
769 469 820 539 sit,
842 476 870 523 et
889 483 940 540 per
958 467 1012 522 hoc
1027 465 1129 522 iudicia

119 561 135 609 2
152 569 215 610 vera
224 551 427 608 subvertentur.
435 545 460 587 3'
488 551 557 620 Quin
568 553 650 608 immo
663 559 690 608 et
700 559 791 608 mutus
803 560 831 608 et
842 551 940 607 surdus
952 551 1031 608 miles
1045 559 1129 607 testa-

119 646 135 694 3
153 645 275 694 mentum
289 637 379 694 iacere
393 631 518 711 potest.⁴
553 635 607 692 Sed
621 637 751 692 hactenus
767 638 824 692 hoc¹
834 635 887 692 illis
902 654 917 692 a
931 635 1127 710 principalibus

153 721 396 778 constitutionibus
411 721 586 793 conceditur,
603 728 736 795 quatenus
751 721 867 778 militant
881 727 909 778 et
923 722 952 776 in
966 721 1061 776 castris
1079 720 1127 776 de·

92 843 96 850 =
153 815 237 880 gunt:
259 814 324 880 post
344 807 502 863 missionem
517 823 581 862 vero
597 807 717 862 veterani
731 806 774 862 vel
795 813 871 862 extra
886 812 973 861 castra
987 807 1010 860 si
1026 805 1128 861 iaciant

58 879 65 894 '
153 891 241 948 adhuc
261 891 408 948 militantes
429 898 637 962 testamentum,
658 892 794 947 communi
817 891 936 946 omnium
957 891 1056 945 civium
1071 888 1128 945 Ro-

152 991 294 1032 manorum
309 977 367 1032 iure
383 975 471 1031 lacere
486 973 595 1031 dehent.
627 983 654 1030 et
670 975 743 1048 quod
759 977 786 1032 in
802 976 896 1030 castris
911 974 1027 1030 iecerint
1041 982 1127 1030 testa·

152 1068 273 1116 mentum
288 1075 344 1116 non
359 1055 495 1116 communi
511 1061 585 1132 iure,
600 1059 648 1116 sed
664 1059 802 1134 quomodo
816 1059 966 1131 volueriut,
982 1065 1046 1133 post
1059 1061 1127 1114 mis·

153 1145 258 1200 sionem
272 1145 344 1200 intra
355 1160 455 1200 anuum
469 1149 575 1200 tantum
586 1141 693 1200 valebit.
718 1145 783 1218 quid
797 1145 893 1218 igitur,
908 1146 932 1200 si
942 1145 1012 1200 iutra
1025 1159 1126 1200 annum

153 1227 262 1300 quidem
277 1227 435 1302 decesserit,
451 1229 573 1288 condicio
588 1237 677 1285 autem
692 1229 785 1286 heredi
801 1228 934 1302 adscripta
948 1237 1013 1303 post
1024 1245 1126 1287 aunum

152 1313 291 1368 extiterit?
325 1330 359 1369 an
380 1315 456 1387 quasi
477 1314 570 1370 militis
589 1321 781 1370 testamentum
796 1313 898 1370 valeat?
919 1319 946 1370 et
960 1313 1063 1387 placet,
1081 1330 1126 1368 va·

118 1395 136 1444 4
152 1395 209 1454 lere
230 1398 307 1469 quasi
327 1399 431 1456 militis.
468 1398 521 1456 Sed
536 1407 565 1454 et
579 1401 603 1455 si
617 1400 678 1472 quis
693 1406 755 1454 ante
771 1399 890 1456 militiam
905 1415 961 1454 uon
982 1399 1042 1454 iure
1059 1398 1127 1454 iecit

152 1489 345 1538 testamentum
361 1491 389 1539 et
404 1484 481 1540 miles
502 1484 590 1540 lactus
606 1485 675 1540 etin
690 1483 862 1558 expeditione
884 1483 987 1557 degens
1002 1485 1126 1558 resigna·

152 1567 191 1621 vit
205 1565 273 1622 illud
289 1575 317 1622 et
332 1567 462 1641 quaedam
478 1568 574 1626 adiecit
589 1570 645 1625 sive
661 1569 777 1625 detraxit
788 1567 831 1624 vel
846 1567 910 1624 alias
925 1568 1066 1624 manifesta
1082 1576 1127 1624 est

152 1650 244 1706 militis
260 1651 386 1708 voluntas
401 1653 454 1710 hoc
468 1654 557 1710 valere
568 1653 695 1725 volentis,
711 1652 854 1708 dicendum
870 1661 921 1724 est,
939 1653 1026 1710 valere
1040 1661 1127 1709 testa·

119 1736 135 1784 5
153 1742 274 1791 mentum
290 1738 367 1809 quasi
383 1753 416 1792 ex
430 1754 499 1793 nova
514 1737 606 1794 militis
617 1737 766 1794 voluntate.
800 1730 938 1810 ⁵lleuique
954 1739 1019 1796 etsi
1034 1739 1061 1794 in
1078 1737 1126 1794 ad·

151 1821 324 1893 rogationem
340 1821 419 1878 datus
435 1821 517 1877 luerit
532 1821 609 1879 miles
620 1821 662 1878 vel
678 1820 863 1878 filiusfamilias
876 1824 1058 1896 emancipatus
1068 1829 1126 1894 est,

151 1911 344 1961 testamentum
356 1907 414 1962 eius
427 1908 503 1980 quasi
517 1905 609 1962 militis
621 1923 653 1962 et
668 1923 737 1962 nova
751 1905 892 1964 voluntate
902 1906 973 1963 valet
988 1924 1040 1964 uec
1050 1907 1125 1962 vide-

153 1997 199 2044 tur
214 1991 308 2064 capitis
323 1989 509 2048 deminutione
523 1992 630 2048 irritum
645 1989 713 2048 lieri.

119 2073 135 2122 6
216 2074 360 2132 Sciendum
383 2085 471 2134 tamen
487 2085 543 2149 est,
560 2077 634 2150 quod
649 2077 681 2134 ad
697 2075 849 2151 exemplum
864 2077 1008 2132 castrensis
1023 2077 1126 2150 peculii

152 2167 206 2216 tam
217 2163 366 2218 anteriores
380 2162 456 2237 leges
473 2179 551 2236 quam
563 2162 726 2238 principales
738 2162 946 2220 constitutiones
962 2159 1125 2236 quibusdam

153 2245 230 2317 quasi
250 2249 397 2302 castrensia
417 2247 551 2303 dederunt
570 2248 692 2321 peculia,
719 2256 800 2320 atque
821 2239 937 2302 eorum⁶
963 2245 1125 2320 quibusdam

151 2329 313 2400 permissum
334 2338 392 2384 erat
412 2333 492 2386 etiam
513 2333 541 2386 iu
562 2339 699 2403 potestate
719 2329 881 2402 degentibus
901 2331 1005 2388 testari.
1049 2331 1123 2404 quod

151 2417 245 2465 nostra
266 2406 446 2468 coustitutio⁷
467 2413 547 2468 latius
569 2414 734 2484 extendens,
754 2415 877 2486 permisit
895 2413 1020 2471 omnibus
1036 2417 1064 2472 in
1079 2417 1124 2472 lris

152 2493 339 2550 tantummodo
354 2496 467 2567 peculiis
484 2497 577 2552 testari
593 2497 716 2570 quidem,
738 2497 787 2553 sed
802 2499 861 2554 iure
876 2502 1025 2556 communi:
1044 2501 1123 2556 cuius

152 2577 356 2634 constitutionis
377 2585 474 2636 tenore
493 2588 638 2654 perspecto
653 2581 761 2638 licentia
776 2590 818 2638 est
833 2583 899 2642 nihil
920 2601 1030 2656 eorum,
1053 2602 1124 2658 quac

152 2663 184 2720 ad
199 2663 350 2738 praelatum
364 2665 406 2720 ius
423 2666 575 2738 pertinent,
591 2666 726 2740 ignorare.

151 2795 355 2806 —-—-⁴----

221 2879 240 2943 1)
258 2884 296 2932 sie
314 2884 391 2936 codd.
412 2881 524 2946 llieoplt.
544 2883 696 2934 existerent
712 2886 773 2950 Dip.
792 2887 851 2936 edd.
869 2885 943 2939 Scir.
963 2892 989 2935 et
1005 2885 1058 2938 Kr.
1101 2884 1124 2948 ²)

152 2946 331 3000 adfirmarent
357 2951 431 3003 codd.
459 2951 520 3016 Dip.
548 2953 606 3002 edd.
635 2951 710 3006 Scir.
736 2959 762 3003 et
787 2953 837 3004 Kr.
865 2943 1124 3020 διαβεβαιούμενοι

155 3015 265 3080 Titeoplt.
351 3016 372 3080 ⁸)
390 3021 428 3068 sic
449 3019 562 3084 Pdecpd.
581 3020 780 3071 subvertentur
796 3023 872 3074 codd.
888 3023 948 3088 Dip.
966 3023 1025 3074 edd.
1045 3020 1124 3072 Soter.

151 3091 177 3132 et
195 3083 245 3136 Kr.
331 3082 353 3148 4)
371 3089 447 3140 codd.
470 3088 548 3151 infer.
575 3088 686 3152 Theopd.
729 3097 825 3140 ossunt
841 3092 917 3144 codd.
936 3095 985 3143 vet.
1007 3089 1047 3142 ed.
1067 3089 1123 3140 Kr.

151 3149 172 3214 5)
190 3171 224 3192 ==
241 3151 275 3206 L.
294 3155 337 3202 22.
356 3154 390 3206 D.
417 3156 449 3206 de
475 3158 524 3205 mil.
549 3163 606 3206 test.
626 3155 678 3220 (29,
699 3105 726 3219 ὅ
751 3173 786 3208 esc
804 3157 935 3208 lilareiani
960 3161 976 3212 l.
996 3159 1012 3208 4
1029 3159 1124 3216 instit„

150 3226 209 3271 mut.
288 3217 309 3287 ⁰)
327 3223 429 3286 scripsi.
450 3239 484 3274 ex
507 3239 619 3289 quoram
637 3225 670 3283 B,
691 3229 719 3274 et
737 3239 850 3291 quorum
871 3223 936 3286 Ter,
954 3227 1002 3276 ins.
1021 3225 1051 3274 0·
1069 3223 1124 3277 noti

151 3279 264 3347 τούτοις
286 3289 397 3354 Theoplt.
417 3305 531 3356 quorum
549 3293 624 3342 codd.
642 3293 720 3355 infer.
739 3295 780 3343 ed.
798 3291 851 3346 Kr.
935 3289 956 3358 7)
976 3293 1008 3344 L.
1028 3295 1069 3347 12.
1090 3294 1123 3346 0.

151 3357 195 3419 qui
210 3363 310 3440 testam.
324 3358 379 3420 foc.
399 3357 433 3422 (6,
452 3357 504 3422 22).

169 3467 192 3514 q.
