2486 3916
209 219 313 264 oureus
332 221 420 256 nonas
439 221 622 260 rnsnennrrra
640 223 841 260 narrentanos
858 211 893 273 II,
915 213 955 262 ll.
1021 209 1062 275 75

86 364 130 420 vel
147 361 277 419 heredum
297 365 485 422 institutorum
500 364 543 420 vel
558 365 797 438 exheredatorum,
820 365 912 422 eadem
931 369 1011 423 etiam
1026 367 1059 424 de

85 449 224 523 possumis
238 447 432 522 intellegimus.
468 448 570 504 biberis
586 457 676 506 autem
692 451 748 506 suis
764 457 957 507 testamentum
972 451 1061 508 lacere
1079 465 1095 514 5

86 549 169 589 nemo
192 538 301 606 potest,
328 532 380 588 nisi
395 540 423 588 et
443 532 494 588 sibi
515 533 607 590 iaciat:
634 549 696 590 nam
717 534 849 608 pupillare
868 543 1060 592 testamentum

83 635 150 691 pars
167 625 195 672 et
209 617 321 690 sequela
331 623 373 672 est
387 619 494 690 paterni
508 619 679 689 testamenti,
695 617 761 674 adeo
777 626 823 690 nt,
839 621 863 674 si
877 621 962 692 patris
978 629 1061 676 testa·

84 709 210 757 mentum
230 718 285 757 non
305 701 408 772 valeat,
435 718 469 758 nc
495 700 543 758 lilii
570 701 679 776 quidem
701 701 810 758 valebit.
853 696 918 760 ¹Vel
943 705 1094 780 singulisa

85 793 179 841 autem
205 785 297 841 liberis
316 785 360 841 rel
386 787 433 859 qui
459 802 555 842 eorum
579 787 743 842 novissimus
769 785 891 860 impubes
916 791 1059 860 morietur,

84 869 219 925 substitui
232 877 335 943 potest.
362 870 479 944 singulis
495 869 619 944 quidem,
636 873 659 926 si
674 872 808 928 neminem
821 886 916 926 eorum
931 873 1059 929 intestato

83 953 219 1010 decedere
239 953 339 1010 voluit:
366 955 530 1026 novissimo,
555 955 577 1010 si
603 956 645 1010 ius
665 955 847 1029 legitimarum
869 956 1060 1012 hereditatium

82 1039 225 1112 integrum
240 1039 312 1094 inter
332 1054 380 1094 eos
400 1037 532 1095 custodiri
552 1038 627 1096 velit.
663 1037 843 1096 Substituitur
863 1047 953 1096 autem
972 1042 1060 1114 impu·
1078 1051 1093 1100 7

82 1121 145 1178 beri
159 1130 207 1178 aut
220 1123 394 1194 nominatim,
414 1124 499 1179 veluti
518 1138 641 1195 arruns,
663 1131 709 1180 aut
724 1124 888 1198 generaliter
909 1136 1058 1190 curacura

82 1223 158 1264 urm
178 1221 280 1264 amnas
302 1221 390 1264 narr:
413 1207 510 1281 quibus
531 1205 619 1264 verbis
641 1215 772 1264 vocantur
798 1208 1058 1280 ex'substitutione,

83 1290 227 1364 impubere
242 1289 298 1348 lilio
310 1297 431 1362 mortuo,
445 1293 491 1365 qui
503 1299 531 1348 et
543 1294 637 1366 scripti
652 1301 717 1348 sunt
727 1291 842 1348 heredes
858 1301 886 1348 et
897 1295 1057 1365 extiterunt,

86 1383 116 1431 ct
131 1392 181 1449 pro
197 1391 249 1449 qua
262 1383 340 1448 parte
355 1375 469 1432 heredes
489 1376 554 1432 lacti
574 1385 648 1432 sunt.
679 1376 797 1432 blasculo
818 1377 904 1450 igitur
923 1378 1058 1451 usquead
1076 1384 1093 1432 8

88 1459 304 1532 quattuordecim
325 1476 409 1516 annos
430 1460 559 1516 substitui
579 1469 688 1534 potest,
710 1460 825 1516 feminae
840 1477 928 1535 usque
944 1461 976 1516 ad
991 1461 1059 1516 duo·

86 1543 174 1600 decim
190 1559 289 1600 annos:
305 1552 332 1600 et
347 1545 370 1600 si
381 1545 435 1600 hoc
449 1552 558 1618 tempus
570 1546 728 1615 excesserit,
743 1543 902 1600 substitutio
912 1547 1056 1600 evanescit.

86 1620 239 1684 ²llntraneo
255 1645 319 1684 vero
335 1628 377 1684 vel
393 1627 449 1686 lilio
464 1628 562 1702 puberi
576 1628 671 1686 heredi
685 1629 813 1685 instituto
833 1630 871 1684 ita
891 1628 1057 1685 substituere
1075 1636 1092 1684 9

85 1727 166 1768 nemo
182 1719 291 1786 potest,
306 1721 352 1784 ut,
368 1715 391 1768 si
407 1714 486 1769 heres
501 1715 621 1774 extiterit
636 1721 664 1769 et
678 1714 749 1769 intra
764 1713 873 1786 aliquod
889 1721 996 1788 tempus
1011 1713 1058 1770 de-

85 1798 214 1868 cesserit,
230 1797 297 1853 alins
311 1799 338 1853 ei
352 1798 389 1853 sit
403 1797 498 1854 baras:
519 1797 567 1856 sed
588 1795 641 1854 bdc
660 1797 750 1856 solum
770 1799 931 1871 permissum
947 1802 1004 1870 est,
1028 1808 1058 1854 ut

85 1897 147 1938 enm
161 1897 213 1955 per
227 1879 463 1939 fideicommissum
478 1889 594 1939 testator
609 1881 729 1957 obliget,
746 1883 790 1938 alii
805 1883 983 1940 hereditatem
998 1885 1057 1940 eius

84 1966 127 2021 vel
140 1973 229 2022 totam
244 1965 286 2021 vel
297 1981 347 2039 pro
359 1974 436 2040 parte
450 1969 611 2023 restituere:
627 1967 701 2040 qnod
716 1969 758 2022 ius
771 1967 850 2040 quale
865 1969 911 2038 sit,
927 1984 978 2023 suo
994 1967 1056 2024 loco

84 2049 232 2108 trademus.

498 2245 556 2287 utu.
568 2245 643 2286 XVII.

162 2349 299 2413 QUIBUS
318 2349 434 2400 Moms
452 2349 700 2400 TESTAMENTA
716 2347 981 2402 INFIRMANTUR.

148 2471 355 2528 Testamentum
369 2473 428 2528 iure
443 2471 543 2528 iactum
559 2488 647 2546 usque
662 2489 694 2529 eo
710 2471 795 2542 valet,
812 2470 900 2528 donec
913 2479 1055 2544 rumpatur
1073 2490 1107 2530 rr.

84 2557 226 2612 irritumve
241 2553 296 2612 liat.
327 2555 472 2628 Rumpitur
491 2563 580 2612 autem
602 2563 808 2626 testamentum,
830 2572 892 2612 cum
911 2557 940 2611 in
960 2555 1056 2612 eodem
1076 2570 1090 2616 1

84 2647 158 2697 statu
174 2647 301 2698 manente
316 2647 447 2697 testatore
461 2641 546 2714 ipsius
563 2642 718 2696 testamenti
733 2642 775 2696 ius
791 2641 909 2696 vitiatur.
941 2632 983 2694 ³si
995 2641 1055 2712 quis

84 2727 155 2781 enim
171 2732 236 2798 post
253 2725 352 2781 lactum
368 2732 562 2782 testamentum
578 2725 746 2798 adoptaverit
766 2723 817 2780 sibi
836 2721 922 2778 filium
943 2739 993 2796 per
1007 2724 1057 2777 im·

83 2817 240 2884 peratorcm
255 2826 333 2881 enm,
355 2811 402 2882 qui
422 2810 465 2864 sui
485 2810 552 2864 iuris
573 2815 632 2880 est,
653 2817 700 2865 ant
714 2825 769 2882 per
789 2814 943 2882 praetorem
958 2821 1055 2862 secun-

84 2894 149 2950 dum
171 2899 292 2950 nostram
312 2894 534 2950 constitutionem
556 2909 633 2964 curn,
660 2895 706 2967 qui
732 2895 760 2948 in
780 2899 916 2966 potestate
936 2893 1056 2966 parentis

84 2977 179 3048 luerit,
195 2985 388 3034 testamentum
399 2979 457 3033 eius
469 2970 605 3051 rumpitur
619 2979 695 3050 quasi
707 2977 870 3051 adgnatione
885 2977 928 3032 soi
938 2976 1054 3034 heredis.

83 3062 242 3118 Posteriorc
257 3079 368 3136 quoqne
383 3069 562 3133 testamento,
579 3061 652 3134 qnod
667 3063 726 3116 iure
740 3060 892 3135 perlectum
907 3070 960 3133 est,
976 3078 1057 3135 supe·
1074 3075 1090 3123 2

83 3148 141 3202 rius
157 3147 302 3220 rumpitur.
337 3163 388 3203 nec
407 3147 537 3217 interest,
558 3163 592 3201 an
613 3146 733 3202 extiterit
752 3145 846 3220 aliquis
863 3146 942 3202 bores
964 3162 996 3202 en
1012 3161 1056 3215 eo,

85 3246 197 3287 annon
218 3232 352 3288 extiterit:
375 3233 427 3287 boc
448 3231 518 3286 enim
540 3229 628 3286 solum
648 3237 804 3304 spectatur,
826 3247 859 3285 an
880 3230 971 3302 aliquo
993 3245 1056 3284 casu

155 3428 176 3497 ¹)
195 3452 230 3472 =
247 3431 279 3480 L.
298 3432 339 3483 37.
360 3431 393 3480 D.
412 3431 444 3480 de
462 3432 526 3495 culp.
546 3436 571 3479 et
588 3445 650 3493 pop.
665 3427 716 3491 (28,
730 3426 756 3491 6)
774 3443 810 3478 erc
827 3425 970 3477 Florentini
988 3426 1004 3477 l.
1025 3427 1056 3475 10

84 3501 167 3553 instit.
203 3497 224 3562 ²)
241 3499 300 3561 fere
312 3519 345 3540 =
360 3499 417 3548 Gai.
432 3498 489 3548 184.
525 3495 544 3558 ³)
563 3497 602 3558 ἓξ.
624 3499 647 3545 1.
666 3498 694 3546 2.
704 3515 738 3536 =
752 3495 808 3545 Gai.
827 3493 922 3543 2138.
937 3493 986 3541 144
997 3499 1056 3542 aaut.
