2464 3916
115 137 117 141 ι
172 164 233 228 168
486 179 522 214 na
541 179 714 214 Δοιιοιιιιιιιε
733 165 779 227 IV,
799 165 825 216 6,

170 315 420 390 alicuinoceret‘ur,
435 323 512 394 quasi
529 335 561 377 ex
578 319 708 378 maleficio
725 319 860 394 obligatus
876 320 1059 394 intellegitur:
1080 321 1150 376 ideo

170 416 259 462 autem
284 422 340 462 non
365 407 475 479 proprie
501 422 533 461 ox
559 403 689 462 maleficio
717 404 851 479 obligatus
870 405 1059 479 intellegitur,
1082 407 1149 478 quia

169 491 330 564 plerumque
346 489 381 546 ob
396 490 507 545 alterius
523 490 628 564 culpam
644 497 754 546 tenetur
769 498 815 545 aut
835 492 904 546 scrvi
921 497 967 544 aut
982 489 1069 546 liberi.
1100 492 1149 545 cui

170 574 265 629 similis
281 575 379 644 estis,
392 575 438 648 qui
454 589 484 630 ea
500 583 592 648 parte,
609 591 661 648 qua
678 574 759 648 vulgo
775 575 827 629 iter
843 572 900 633 fieri
916 574 1003 643 solet,
1024 574 1052 635 id
1068 576 1147 647 posi-

169 647 226 713 ιιιιιιΙ
243 665 465 732 autsuspeusum
482 657 561 714 babet
568 659 665 732 ‚quod
681 663 788 734 potest,
803 658 984 730 simulent,
1000 657 1150 714 alicuine·

170 759 245 798 cere:
267 760 322 816 quo
342 760 406 799 casu
427 759 512 816 poena
533 743 624 798 decem
647 759 790 798 aureorum
806 745 954 800 constituta
975 750 1026 798 est.
1060 743 1093 798 de
1110 759 1148 798 co

84 881 86 885 ,
168 843 244 897 vero,
261 827 334 902 quod
346 827 479 884 deiectum
491 827 638 888 ellusumve
650 835 703 898 est,
716 827 895 901 dupli-quanti
908 827 1031 882 damnum
1049 827 1148 882 datum

169 913 222 982 sit,
243 913 391 968 constituta
404 919 453 967 est
472 914 551 968 actio.
589 911 624 966 ob
644 912 779 968 hominem
802 929 866 968 vero
888 910 1000 966 liberum
1021 913 1148 968 occisum

169 998 365 1072 quinquaginta
381 1013 523 1052 aureorum
540 1013 627 1070 poena
641 997 831 1052 constituitur:
852 998 875 1052 si
896 1012 959 1052 vero
980 998 1052 1052 vivet
1067 997 1148 1052 noci-

170 1089 281 1153 tumque
304 1082 327 1136 oi
349 1097 408 1136 csse
429 1080 549 1151 (licetur,
571 1089 700 1154 quantum
721 1079 755 1136 ob
779 1097 837 1136 eam
857 1097 915 1136 rem
930 1097 1045 1153 aequum
1061 1080 1149 1134 iudici

168 1164 291 1236 videtur,
313 1167 383 1230 actio
405 1165 497 1220 datur:
523 1165 605 1220 luder
626 1167 696 1220 enim
719 1173 876 1239 computare
902 1164 983 1220 debet
1002 1164 1148 1220 mercedes

169 1248 279 1304 medicis
294 1251 437 1322 praestitas
454 1256 597 1323 ceteraque
612 1249 763 1324 impendia,
785 1267 853 1323 quae
874 1251 1056 1305 incuratione
1073 1249 1146 1304 lacta

169 1339 242 1399 sunt,
259 1342 397 1406 praeterea
412 1349 564 1407 operarum,
580 1333 677 1407 quibus
689 1335 774 1390 caruit
789 1343 834 1390 aut
845 1335 978 1390 cariturus
995 1341 1036 1389 cst
1053 1333 1088 1396 ob
1105 1333 1147 1403 ιιι,

133 1428 150 1474 2
169 1417 242 1490 quod
256 1419 359 1474 inutilis
375 1418 461 1474 lactus
477 1411 539 1474 est.
552 1411 607 1486 ,¹Si
623 1417 808 1476 filiusfamilias
828 1435 951 1474 seorsum
972 1436 987 1473 a
1002 1425 1079 1491 patre
1097 1418 1145 1472 ba·

167 1501 292 1558 bitaverit
307 1511 334 1559 et
350 1503 414 1576 quid
429 1520 462 1558 er
477 1503 623 1559 coenaculo
641 1504 698 1558 eius
710 1502 844 1558 deiectum
860 1503 1007 1558 effusumve
1021 1504 1069 1572 sit,
1084 1503 1146 1556 sive

168 1587 233 1660 quitl
254 1589 373 1660 positum
394 1605 590 1661 suspensumve
611 1587 750 1658 babuerit,
773 1589 849 1642 cuius
871 1604 947 1642 casus
969 1587 1143 1660 periculosus

168 1679 224 1726 est:
240 1670 342 1728 luliano
357 1672 468 1744 placuit,
484 1674 511 1727 in
526 1681 629 1745 patrem
645 1671 745 1726 nullam
765 1688 825 1727 esse
840 1673 987 1739 actionem,
1010 1670 1058 1725 sed
1078 1688 1142 1726 cum

167 1757 226 1827 ipso
243 1753 297 1810 filio
313 1755 457 1828 agendum.
489 1755 562 1828 quod
577 1764 604 1811 et
619 1756 647 1810 in
659 1754 827 1811 filiofamilias
843 1755 931 1810 iurlicc
943 1755 1141 1812 observandum

134 1849 149 1896 3
168 1846 220 1909 est,
237 1841 284 1911 qui
298 1839 372 1894 litem
388 1855 463 1893 suam
480 1839 583 1894 lecerit.
612 1837 686 1895 lalem
702 1842 836 1896 exercitor
851 1841 924 1894 rravis
939 1847 986 1894 aut
1001 1855 1142 1912 cauponae

167 1930 215 1977 aut
234 1921 333 1978 stabuli
353 1923 386 1978 (le
408 1922 520 1994 damno,
543 1915 627 1978 dolo²
648 1931 694 1979 aut
715 1924 805 1996 furto,
827 1924 900 1998 quod
921 1926 948 1980 in
970 1941 1037 1980 nave
1051 1931 1098 1979 aot
1113 1925 1140 1978 iu

167 1999 287 2080 caupona
309 2009 402 2064 autin
423 2007 529 2063 stabulo
551 2006 649 2063 iactum
671 2010 738 2078 erit,
761 2011 837 2082 quasi
858 2025 890 2064 ex
906 2007 1036 2064 maleficio
1053 2009 1141 2064 teneri

166 2091 289 2164 videtur,
311 2094 333 2148 si
355 2093 436 2148 modo
457 2094 542 2166 ipsius
565 2092 669 2148 nullum
696 2101 739 2148 est
759 2092 935 2162 maleficium,
956 2093 1004 2148 secl
1026 2093 1141 2155 alicuius
1172 2152 1175 2158 ,

167 2193 272 2249 eorum,
289 2194 405 2251 quorum
421 2193 503 2250 opera
518 2194 610 2232 navem
626 2186 673 2232 aut
688 2194 834 2250 cauponam
850 2187 897 2234 aut
911 2177 1046 2234 stabulum
1062 2194 1142 2232 exer·

166 2269 254 2316 cerel:
270 2263 418 2317 cumcnim
433 2278 521 2336 neque
537 2278 570 2317 en
589 2269 731 2318 contractu
752 2264 787 2318 sit
807 2263 934 2318 adversus
956 2278 1016 2316 eum
1038 2264 1141 2316 consti-

166 2352 224 2399 tuta
241 2345 306 2401 haec
321 2347 391 2402 actio
408 2353 435 2402 et
450 2341 619 2419 aliquatenus
634 2346 730 2420 culpae
744 2363 807 2402 reus
823 2353 882 2416 est,
898 2346 971 2420 quod
987 2363 1069 2418 opera
1085 2363 1140 2401 ma-

166 2427 255 2484 lorum
271 2430 410 2484 bominum
423 2437 557 2500 uteretur,
572 2429 634 2485 idco
646 2432 723 2502 quasi
735 2448 767 2486 ex
779 2431 909 2486 maletioio
922 2433 1008 2486 teneri
1021 2431 1138 2486 vitietur.

165 2513 192 2567 in
209 2513 250 2567 bis
266 2521 354 2568 autem
371 2512 476 2568 casibus
491 2516 518 2569 in
531 2507 634 2569 ¹iactum
649 2517 719 2572 actio
730 2517 871 2589 competit,
887 2532 955 2588 quae
971 2515 1064 2572 heredi
1079 2517 1141 2588 qui·

165 2596 227 2652 dem
243 2597 332 2668 datur,
349 2597 476 2654 adversus
493 2597 620 2654 heredem
636 2607 724 2655 autem
739 2616 795 2656 non
809 2600 948 2672 competit.

597 2797 656 2838 aar.
669 2797 709 2838 vr.

497 2899 547 2949 DE
567 2899 801 2951 ACTIONIBUS.

112 3042 148 3083 1³1.
229 3019 374 3094 Superest,
396 3028 427 3076 ut
448 3021 482 3077 (lc
502 3021 651 3078 actionibus
672 3023 824 3095 loquamur.
858 3014 943 3078 ³aotio
966 3029 1055 3077 autem
1070 3023 1138 3076 nibil

163 3105 236 3162 aliud
252 3113 304 3175 est,
321 3122 400 3178 quam
417 3108 457 3161 ius
473 3105 654 3180 persequendi
669 3108 768 3162 iudicio
771 3106 869 3180 ,quod
885 3105 934 3160 sibi
950 3105 1070 3161 debetur.

162 3213 368 3222 ——-—---

232 3252 311 3316 ¹)§§.
330 3256 353 3304 2.
374 3257 397 3304 3.
423 3255 582 3315 ferc=L
602 3255 627 3306 5
653 3255 693 3314 ἐξ.
713 3255 738 3306 6.
757 3256 781 3306 6.
800 3255 832 3308 Ι).
861 3255 903 3303 cit.
998 3249 1019 3318 ²)
1042 3255 1139 3330 seraper

164 3319 198 3370 do
218 3321 283 3370 dolo
301 3323 376 3371 codd.
396 3323 454 3373 edd.
473 3319 547 3371 Scir.
567 3328 593 3369 et
611 3321 661 3368 Κι.
681 3322 715 3371 de
734 3321 833 3371 damno
853 3323 912 3384 Dlp.
930 3323 979 3370 ced
995 3315 1069 3370 κατὰ
1088 3312 1134 3370 δό-

165 3387 213 3434 loa
227 3403 306 3445 τινος
318 3403 410 3452 yona
422 3380 710 3448 κλεψαντοςιιιιοστω
731 3380 786 3453 ἐγω
804 3387 917 3454 ζηαίαν.
935 3389 1043 3451 Τιιιοριι,
1114 3387 1136 3448 ³>

161 3452 271 3512 fere-
238 3483 271 3492 -
289 3455 321 3501 J..
340 3457 380 3503 ol.
399 3455 431 3506 D
451 3455 483 3502 de
501 3453 549 3504 obl.
568 3460 594 3502 et
610 3463 662 3507 act
681 3453 733 3520 (44,
752 3457 779 3517 i)
803 3473 838 3507 eac
857 3457 956 3506 Celoil.
976 3459 1000 3505 3.
1021 3457 1071 3519 clip.
