2464 3916
195 197 256 264 198
465 215 501 252 ns
520 214 638 253 orrrcro
657 213 766 252 ruorcrs
785 201 832 262 lv,
852 201 892 252 tt.

194 374 273 419 vrnn
293 369 496 414 noo1or1r10
517 371 625 414 nnonn
647 371 760 414 ancara
781 369 951 414 οοιιυτιιιιο
972 371 1033 414 Αιιτ
1051 372 1149 415 noxsn

159 443 176 494 2
193 457 328 500 ennean
358 439 391 496 iit
406 442 429 496 si
444 443 471 498 in
486 457 544 497 rem
559 447 649 497 actnm
664 441 716 512 sit,
730 442 788 497 aive
799 447 894 497 centra
904 441 1047 515 petitorem
1061 441 1149 498 indica

194 528 246 597 vit,
272 524 412 582 absolvere
437 523 518 582 debet
544 539 747 599 possessorem,
775 527 831 584 sive
855 533 951 581 contra
965 541 1149 599 possessorem,
1211 535 1212 540 ’

193 610 286 668 iubere
299 625 362 666 enm
377 607 473 682 debet,
495 617 596 666 utrem
611 610 695 683 ipsam
715 610 841 666 restituat
861 625 923 666 cnm
944 607 1083 666 irnotibns.
1110 611 1150 666 sod

192 696 216 750 si
241 695 268 750 in
295 696 432 768 praesenti
459 701 542 769 neget
566 711 597 750 se
622 709 768 768 possessor
788 693 934 749 restituere
954 709 1037 767 posse
1057 701 1084 750 et
1102 696 1151 750 sine

193 779 373 836 frustratione
386 777 521 834 videbitur
540 785 649 853 tempus
670 777 832 835 restituendi
847 793 927 843 canen
942 785 1053 852 petere,
1074 777 1152 834 indol-

172 863 312 938 'gernium
339 871 382 920 est
406 863 446 935 εἰ,
470 871 501 919 nt
526 871 616 920 tamen
640 862 675 919 tie
699 861 753 918 litis
779 863 968 918 autimatione
987 870 1079 918 caveat
1100 879 1151 918 onn

192 947 367 1011 fideiussore.
383 949 406 1002 si
421 949 492 1003 intra
506 955 630 1021 ternpus,
646 946 719 1022 qnod
735 948 758 1003 et
774 947 865 1004 dnum
880 955 939 1019 est,
956 963 1012 1004 noa
1028 949 1153 1003 restituis·
1212 963 1213 990 ι

192 1041 244 1090 set.
275 1039 304 1090 et
318 1033 342 1088 ei
357 1030 492 1088 hereditas
504 1033 588 1106 petita
599 1033 646 1104 eit,
661 1031 754 1088 εειιειιι
766 1033 835 1088 circa
847 1031 954 1088 inactus
970 1032 1153 1102 interveniant,

193 1133 263 1192 quae
278 1117 394 1173 diximus
409 1117 574 1173 intervenire
594 1119 622 1173 in
636 1115 804 1192 singularum
824 1131 915 1172 rernm
930 1117 1075 1191 petitione.
1103 1115 1154 1172 iiio·

192 1217 252 1257 rum
268 1210 357 1258 annm
372 1200 521 1273 tractuum,
536 1217 607 1274 qnos
622 1201 699 1276 cnipa
711 1217 759 1258 sna
771 1217 916 1275 possessor
930 1217 986 1258 son
1000 1203 1153 1274 perceperit,

192 1288 219 1342 in
235 1291 349 1360 ntraqne
363 1285 470 1342 actione
480 1285 573 1342 eadem
585 1287 653 1342 ratio
665 1301 751 1359 paene
762 1278 905 1356 habetnr‚¹
921 1288 944 1341 si
956 1285 1060 1359 praecio
1071 1285 1153 1340 inerit.

192 1372 216 1426 si
230 1386 295 1428 vero
310 1369 381 1428 bona
396 1369 449 1428 tide
464 1385 608 1446 possessor
623 1371 721 1442 inerit,
743 1385 799 1426 non
814 1369 928 1426 habetur
947 1371 1018 1426 ratio
1040 1385 1155 1426 consun-
1213 1417 1214 1420 ,

192 1463 301 1529 ptornra
321 1471 411 1530 neque
429 1471 485 1512 non
506 1463 711 1530 perceptorum:
736 1462 800 1527 post
819 1443 970 1510 inchoatore
992 1461 1083 1510 antem
1097 1455 1155 1528 peti·

192 1541 295 1596 tionem
309 1542 389 1596 etiam
404 1539 513 1596 iliorum
529 1541 597 1596 ratio
613 1538 742 1610 habetur,
764 1541 810 1612 qni
826 1539 905 1612 culpa
918 1540 1088 1612 possessoris
1103 1553 1155 1612 per-

158 1629 175 1680 a
192 1626 264 1700 cepti
290 1641 345 1681 non
364 1633 431 1680 sunt
452 1623 493 1680 rei
509 1625 630 1698 percepti
645 1625 800 1698 consumpti
825 1632 900 1679 sont.
945 1622 974 1678 Si
988 1622 1022 1678 ad
1038 1622 1155 1679 exhiben-

192 1709 256 1764 dnm
272 1717 361 1764 actam
376 1708 474 1779 inerit,
495 1724 551 1764 non
565 1707 682 1780 sufficit,
703 1709 726 1764 si
747 1707 871 1764 exhibeat
890 1709 1001 1778 remis,
1025 1723 1088 1764 cnm
1107 1723 1154 1780 qno

192 1799 280 1847 actum
296 1801 354 1862 est,
369 1791 418 1847 sed
434 1808 503 1864 opns
518 1800 574 1862 est,
597 1801 628 1847 nt
642 1794 722 1848 eham
738 1808 844 1848 cannia
859 1793 899 1848 rei
914 1791 1012 1848 debon
1027 1791 1154 1862 exhihere,

191 1875 218 1930 id
234 1883 322 1931 estut
337 1889 394 1932 eam
409 1889 516 1931 censam
531 1874 627 1932 habeat
647 1883 739 1948 actor,
760 1893 841 1950 qnam
859 1875 1000 1932 habiturus
1022 1885 1110 1948 esset,
1124 1877 1150 1938 si,

191 1975 253 2016 cnm
268 1961 384 2034 primum
399 1959 433 2016 ad
447 1957 629 2018 exhibendum
639 1961 757 2036 egisset,
773 1960 947 2018 exhibitores
959 1960 1074 2018 inisset:
1090 1960 1155 2016 ideo·

192 2061 245 2119 que
261 2046 284 2100 si
298 2046 370 2101 inter
385 2059 474 2100 moras
489 2052 620 2120 usucapta
633 2046 671 2100 sit
691 2061 736 2102 res
750 2061 766 2101 a
780 2061 956 2120 possessore,
973 2045 1059 2102 nihilo
1075 2047 1154 2102 ninus

190 2121 443 2186 condemnabitur.²
472 2137 614 2203 praeterea
639 2129 777 2186 irnctnnm
804 2130 884 2187 medii
906 2132 1055 2204 temporis,
1081 2129 1157 2184 idest
1215 2127 1216 2206 ζ

191 2216 266 2286 eins,
293 2207 387 2288 qnod³
401 2221 467 2288 post
480 2222 619 2288 acceptam
640 2214 673 2270 ad
689 2212 868 2272 exhibendum
883 2213 1013 2271 iatiicinar
1027 2222 1093 2272 ante
1106 2229 1156 2268 rem

190 2298 333 2355 iudicatam
348 2300 519 2371 interemit,
545 2301 677 2358 rationem
697 2298 796 2356 hahere
821 2297 902 2356 debet
923 2298 1013 2356 iudea.
1051 2297 1124 2372 qnod
1138 2298 1157 2352 si

191 2389 275 2457 neget
290 2385 329 2454 is,
345 2399 406 2439 cum
422 2400 476 2456 quo
492 2383 525 2439 ad
541 2383 722 2440 exhibendum
737 2391 825 2440 actum
841 2392 899 2455 est,
921 2385 948 2439 in
965 2385 1156 2457 praesentior·

190 2465 284 2522 hibere
299 2481 329 2522 se
349 2483 431 2540 posse
453 2474 481 2522 et
496 2475 603 2541 tempus
630 2467 773 2528 exhibendi
798 2483 877 2524 cansa
901 2475 976 2542 petat
1000 2467 1085 2542 idque
1105 2467 1156 2521 sine

190 2549 369 2606 frustratione
383 2550 524 2624 postulare
539 2551 677 2625 videatur,
694 2553 750 2610 dari
765 2555 791 2608 ei
802 2551 892 2624 debet,
908 2560 940 2608 nt
954 2560 1044 2608 tamen
1060 2559 1157 2620 careat,

189 2651 220 2691 se
234 2637 443 2691 restituturum:
471 2634 545 2708 qnod
559 2637 583 2692 si
597 2652 686 2710 neque
707 2637 799 2693 statim
814 2637 891 2692 iussn
905 2635 1000 2692 indicis
1015 2652 1073 2692 rem
1088 2636 1157 2691 eniri·

189 2719 356 2794 beataeque
376 2728 473 2794 postea
487 2718 670 2777 exhibiturum
691 2729 844 2793 secarent,
865 2719 1085 2777 conderecondere
1102 2711 1158 2776 est*

155 2808 172 2856 4
189 2805 276 2876 inid,
293 2804 367 2880 qnod
382 2805 481 2861 actoris
496 2806 627 2862 intererat
649 2805 682 2863 ab
702 2807 779 2862 initio
794 2821 852 2862 rena
868 2803 1011 2862 exhibitam
1030 2821 1104 2860 esse.
1134 2801 1158 2858 Si

190 2887 305 2945 iamiiiae
328 2887 505 2946 erciscundae
526 2889 626 2947 indicio
648 2898 737 2947 actum
758 2891 810 2962 sit,
838 2889 960 2966 singulas
979 2905 1025 2945 res
1045 2888 1157 2964 singulis

259 3085 281 3152 ¹)
305 3087 368 3136 Wn’
384 3085 416 3137 fit
432 3087 459 3136 B
477 3089 518 3140 ed.
537 3089 588 3143 Kr.
673 3087 696 3152 ²)
723 3089 834 3154 Theoph.
862 3088 1059 3140 condemnetur
1085 3087 1158 3138 codd.

189 3158 248 3210 edd.
268 3155 344 3206 Schr.
362 3163 389 3205 et
406 3155 456 3208 Kr.
525 3154 536 3188 ³
571 3154 622 3206 W¹³
639 3157 686 3221 qni
704 3156 808 3206 BW¹E
825 3159 865 3209 ed.
883 3155 958 3209 Scor.
978 3156 1047 3222 qnod
1062 3155 1159 3205 ridetur

188 3239 225 3274 ex
246 3223 379 3288 Theophili
394 3223 478 3274 oerhia
496 3239 534 3273 nor
571 3215 637 3282 τούς
661 3215 789 3288 καρποὺς
813 3217 847 3274 δὲ
871 3220 921 3274 τοῦ
937 3220 1027 3300 pecco
1044 3215 1156 3289 χρόνον,

189 3285 320 3340 τουτέστι
333 3282 402 3349 τοὺς
414 3281 486 3356 μετὰ
500 3283 696 3354 προκάταρξιν
712 3287 794 3356 μέχρι
806 3287 967 3355 sororisant*
978 3293 1095 3354 septeno
1103 3304 1159 3340 sen·

189 3359 271 3406 tentia
288 3361 468 3437 superstitiose
485 3359 614 3410 intrusum.
664 3355 687 3422 ⁴)
705 3359 744 3407 etc
761 3360 862 3422 puidam
878 3360 954 3411 codd.
973 3359 1052 3420 infer.
1068 3371 1157 3408 κειτα-

189 3419 404 3534 ἑιιιεὲσθησεται
419 3424 530 3488 Theopb.
550 3423 773 3474 condemnandus
791 3426 829 3474 sit
846 3427 922 3478 codd.
940 3434 989 3479 net.
1007 3427 1066 3476 edel.
1085 3423 1159 3476 Scor.

260 3504 282 3538 P.
