2484 3916
68 21 187 90 Ι
217 14 347 90 TW
377 29 384 34 '

310 264 346 300 on
366 265 462 300 annosa
480 263 627 301 nrvrsroun
646 251 682 312 11,
702 253 725 304 1.
964 249 1006 315 35

29 408 74 462 sui
90 421 149 461 non
164 405 258 478 iaciat,
280 414 311 461 ut
332 406 456 462 alimenta
476 408 580 482 pupillo
601 407 796 480 decernantur,
817 416 928 464 cavetur
948 410 1005 483 epi-

29 490 104 547 stula
120 489 247 546 divorum
267 489 360 547 Severi
381 498 410 547 ot
424 484 590 564 Antoninl,¹
608 500 637 548 ut
656 493 685 547 in
699 493 902 566 possessionem
916 491 1006 549 bono·

28 593 94 632 rum
107 577 169 631 eius
185 574 304 649 pupillus
320 573 455 632 mittatur:
472 585 499 632 et
511 592 579 650 quae
591 593 666 633 mora
678 576 813 632 deteriora
824 575 916 634 lutura
928 586 1005 650 sunt,

31 661 97 716 dato
113 669 241 716 curatore
256 659 368 716 distrahi
388 659 526 718 iubentur.
565 678 633 735 ergo
655 670 687 716 ut
706 669 850 734 suspectus
870 665 1005 718 removeri

30 746 149 820 poterit,
164 746 211 818 qui
227 761 282 800 non
293 751 413 818 praestat
428 745 560 802 alimenta.
591 745 644 802 Sed
660 747 754 820 siquis
767 762 894 818 praesens
911 755 1004 820 negat,
1027 761 1058 810 ιο

30 837 150 904 propter
163 830 281 903 inopiam
296 829 422 885 alimenta
436 847 519 903 posse
530 829 649 901 decerni,
665 831 689 886 si
703 831 757 886 hoc
771 847 821 903 per
836 829 1004 886 mendacium

31 916 117 986 dicat,
132 911 325 970 remittendum
346 929 407 970 eum
429 931 490 970 esse
511 914 544 970 ad
558 913 725 989 praelectum
747 913 821 970 urbis
835 913 1005 988 puniendum

31 1000 148 1074 placuit,
162 999 233 1054 sicut
247 997 293 1054 ille
308 999 465 1071 remittitur,
482 1001 528 1073 qui
539 999 599 1056 data
613 1001 727 1074 pecunia
736 1000 917 1056 ministerium
934 1006 1005 1054 tute·

32 1086 74 1140 lae
91 1083 217 1139 redemit.
248 1073 392 1138 ²Lrlrertns
409 1100 529 1157 quoque,
552 1086 575 1140 si
590 1084 777 1140 fraudulenter
797 1085 917 1158 gessisse
934 1091 1005 1138 tute·
1026 1093 1056 1140 tt

33 1170 86 1224 lam
102 1165 222 1223 filiorum
237 1166 279 1222 vol
289 1174 419 1241 nepotum
429 1170 536 1242 patroni
547 1168 690 1244 probetur,
706 1168 739 1223 ad
750 1168 917 1242 praelectum
931 1167 1005 1222 urhis

34 1253 185 1308 remittitur
198 1251 360 1326 puniendus.
391 1251 540 1310 Novissime
555 1253 694 1312 sciendum
710 1261 767 1324 est,
790 1269 854 1324 eos,
871 1255 917 1326 qui
933 1253 1005 1308 lrau·
1026 1261 1057 1308 12

34 1338 164 1393 dulenter
177 1336 290 1392 tutelam
305 1336 347 1392 vol
363 1353 454 1393 curam
469 1337 665 1409 administrant,
682 1338 787 1394 etiamsi
798 1338 863 1393 satis
879 1337 1005 1408 offerant,

34 1421 216 1481 removendos
232 1437 246 1476 a
260 1421 356 1493 tutela,
372 1414 453 1495 3quia
468 1421 606 1478 satisdatio
621 1423 793 1496 propositum
808 1422 907 1478 tutoris
923 1420 1006 1476 male·

35 1507 128 1563 volum
144 1523 200 1562 non
216 1513 313 1576 mutat,
328 1505 377 1562 sed
392 1505 495 1562 diutius
510 1506 650 1580 grassandi
667 1507 694 1562 in
710 1523 739 1562 re
755 1505 877 1562 familiari
893 1504 1006 1562 faculta-

38 1602 91 1648 tem
111 1598 240 1665 praestat.
278 1583 460 1664 ⁴¹Suspectnm
481 1593 551 1647 enim
571 1607 632 1646 eum
653 1599 796 1664 putamus,
817 1591 863 1663 qui
884 1587 1005 1646 moribus
1027 1605 1058 1654 13

38 1676 97 1732 talis
113 1683 172 1746 est,
194 1683 225 1730 ut
240 1683 383 1748 suspectus
399 1677 448 1731 sit:
469 1676 606 1732 enimvero
618 1683 695 1731 tutor
709 1674 890 1746 velcurator,
912 1687 1006 1748 quam·

37 1763 74 1816 vis
90 1776 196 1834 pauper
211 1767 267 1832 est,
290 1758 377 1816 tidelis
394 1768 482 1816 tamen
498 1769 525 1816 et
540 1759 674 1835 diligens,
695 1758 877 1816 removendus
893 1775 948 1816 non
964 1767 1006 1814 ost

38 1847 113 1918 quasi
129 1853 284 1918 suspectus.

354 2109 467 2161 LIBER
490 2108 691 2163 SECUNDUS.

480 2261 569 2301 aaut
654 2301 663 2321 ,

312 2381 362 2431 DE
380 2381 510 2432 RERUM
527 2379 729 2432 DIVISIONE.

102 2517 271 2595 ⁵Snperiore
292 2520 360 2577 libro
381 2520 415 2577 de
434 2523 492 2577 iure
512 2536 691 2594 personarum
712 2521 901 2594 exposuimus:
924 2519 1005 2576 modo
1025 2545 1059 2585 rr.

41 2607 176 2662 rideamus
192 2605 331 2662 derebus.
369 2621 437 2679 quae
457 2605 500 2661 vel
520 2605 547 2660 in
569 2613 665 2661 nostro
686 2605 847 2678 patrimonio
869 2603 911 2660 vel
932 2611 1007 2660 extra

42 2699 166 2746 nostrum
181 2691 373 2764 patrimonium
388 2689 530 2746 habentur.
562 2682 710 2762 Gquaedam
730 2689 803 2745 onim
818 2688 933 2744 naturali
947 2689 1007 2743 iure

43 2777 194 2832 communia
208 2783 272 2830 sunt
288 2775 423 2846 omnium,
443 2773 573 2848 quaedam
587 2772 708 2847 publica,
732 2773 861 2847 quaedam
877 2772 1008 2828 universi-

43 2862 116 2932 tatis,
138 2858 271 2934 quaedam
292 2858 408 2928 nullius,
430 2857 559 2932 pleraque
579 2858 768 2932 singulorum,
791 2873 859 2932 quae
880 2858 958 2913 variis
975 2873 1008 2914 er

21 2945 22 3012 j
42 2947 125 3000 causis
142 2946 243 3018 cuique
258 2943 448 3018 adquiruntur,
464 2943 534 3000 sicut
550 2960 582 2999 ea
598 2942 726 2999 subiectis
742 2941 891 3016 apparebit.

107 3210 127 3274 ¹)
147 3211 181 3275 cf.
205 3211 263 3274 (ΙΙΙ),
283 3211 315 3263 t.
337 3212 360 3262 7.
379 3210 440 3271 Μ.
459 3211 537 3260 D.de
555 3225 625 3274 cusp.
646 3216 691 3262 tat.
705 3206 820 3272 (26,10).
856 3205 1010 3272 ²)=-L.2.

42 3281 71 3334 D.
92 3281 124 3330 de
142 3294 213 3344 susp.
232 3285 282 3328 tat.
300 3279 357 3343 (27,
377 3276 419 3340 10)
442 3293 477 3328 ιω
497 3277 557 3342 Uip.
579 3281 596 3327 1.
617 3281 630 3327 l
650 3279 682 3327 de
700 3292 767 3327 omn.
791 3276 849 3326 trib.
938 3274 958 3337 ³)
976 3295 1010 3316 =

42 3350 71 3400 L.
90 3349 115 3398 6.
135 3347 170 3398 D,
190 3349 248 3400 eod.
266 3363 302 3398 erc
321 3347 464 3398 Callistrati
485 3349 501 3395 l.
520 3347 538 3395 4
556 3347 587 3395 de
605 3347 700 3410 coquit.
787 3342 809 3410 4)
828 3364 862 3386 =
879 3345 912 3392 h.
931 3345 956 3392 8.
975 3343 1008 3394 D.

42 3419 97 3468 eod.
115 3431 153 3465 erc
173 3414 312 3480 (leptim
331 3415 425 3466 oded.
495 3411 515 3475 ⁵)
534 3415 587 3464 init.
605 3434 638 3454 =
658 3411 715 3463 Gai.
735 3414 796 3470 21.
867 3410 887 3472 ⁶)
906 3427 948 3474 pr.
962 3411 1009 3471 fin.

40 3485 78 3545 ἕξ.
98 3487 121 3534 1.
142 3485 168 3533 2.
185 3483 247 3548 fere
263 3503 298 3524 =
316 3483 348 3534 L.
367 3483 399 3532 2:
412 3483 437 3534 4.
456 3483 490 3532 D.
509 3483 541 3532 de
559 3483 631 3534 diois.
645 3496 698 3531 rer.
722 3481 760 3544 (1,
781 3479 807 3542 8)
826 3495 861 3528 eac
879 3477 1012 3528 tllnrciani

43 3553 57 3602 l.
75 3556 90 3603 3
108 3553 193 3603 instit.

815 3626 859 3690 3*
