2464 3916
150 209 210 276 158
227 229 261 262 nn
282 225 532 274 oanrcnrronrnus,
553 224 626 267 Quae
645 225 682 258 nx
700 224 822 259 oncrcno
840 201 1008 260 succurram
1026 209 1075 272 lv,
1096 211 1118 258 1.

48 363 136 431 12(13)
146 377 255 426 tenetur
275 367 352 422 torti.
381 365 425 437 Hi,
441 368 488 440 qui
508 367 536 421 in
556 367 708 440 parentium
728 365 770 420 vel
791 365 963 420 dominorum
983 371 1121 437 potestate

147 460 222 522 sunt,
238 454 261 507 si
276 468 333 507 rem
348 453 387 507 eis
403 450 568 524 subripiant,
590 449 693 506 turtum
716 449 824 523 quidem
846 449 900 505 illis
915 449 1018 505 iaciunt
1033 456 1062 504 et
1076 465 1121 504 res

147 539 174 592 iu
189 535 315 591 furtivam
331 551 437 592 cansam
459 534 529 590 cadit
545 551 595 590 nec
610 533 645 590 ob
660 533 687 590 id
703 532 735 589 ab
752 533 808 589 ullo
825 535 935 608 usucapi
950 540 1061 607 potest,
1075 549 1120 588 an·

148 627 257 692 tequam
277 621 305 676 in
325 618 427 676 domini
448 625 612 693 potestatem
632 625 800 688 revertatur3
822 617 870 674 sed
892 619 957 674 iurti
977 619 1049 673 actio
1065 633 1121 672 non
1225 629 1226 672 t

146 705 276 776 nascitur,
292 705 354 778 quia
366 721 416 760 nec
431 720 463 758 ex
473 703 524 759 alia
540 703 594 759 ulla
605 720 684 760 causa
698 709 792 778 potest
805 704 936 760 intereos
948 703 1020 758 actio
1032 703 1121 757 nasci:
1225 715 1226 722 ¹

80 793 135 864 (14)
154 789 256 844 sivero
272 805 324 862 ope
339 789 454 845 consilio
469 787 579 843 alterius
595 787 697 844 furtum
713 787 813 844 iactum
828 787 925 859 inerit,
948 787 1011 862 quia
1027 787 1122 860 utique
1174 857 1176 862 Ι

146 872 249 928 furtum
261 873 449 943 committitur,
464 873 657 928 convenienter
670 871 716 928 ille
732 872 798 928 furti
814 879 932 943 tenetur,
948 872 1011 946 quia
1026 888 1122 926 verum

147 965 199 1029 est,
216 973 268 1031 ope
283 958 397 1014 consilio
413 957 470 1012 eius
487 955 590 1012 inrtum
605 956 705 1012 iactum
721 973 790 1012 esse.

47 1049 135 1116 13(15)
212 1037 306 1098 ¹Furti
321 1049 410 1098 autem
425 1042 495 1097 actio
511 1043 535 1096 ei
550 1043 695 1114 competit,
716 1044 792 1097 cuius
807 1043 933 1111 interest,
947 1057 1005 1096 rem
1021 1041 1121 1096 salvam

146 1143 217 1196 esse,
233 1126 297 1182 licet
312 1125 437 1182 dominus
452 1142 507 1182 non
523 1126 572 1181 sit:
587 1126 679 1200 itaque
695 1141 746 1182 nec
760 1125 870 1182 domino
885 1125 964 1182 aliter
978 1127 1123 1198 competit,

47 1219 134 1287 14(16)
147 1227 227 1284 quam
242 1211 264 1264 si
280 1211 338 1266 eius
358 1212 480 1282 intersit,
502 1227 559 1266 rem
576 1227 632 1266 nou
645 1211 744 1284 perire.
793 1209 869 1265 Unde
889 1217 1013 1282 constat,
1034 1209 1122 1266 credi·

143 1301 234 1350 'torem
250 1292 283 1349 de
298 1296 413 1368 pignore
428 1294 559 1368 subrepto
575 1295 640 1350 furti
657 1311 738 1369 agere
752 1311 849 1368 posse,
871 1296 977 1350 etiamsi
990 1295 1122 1352 idoneum

147 1377 296 1434 debitorem
317 1378 428 1452 habeat,
450 1381 512 1453 quia
532 1379 641 1454 expedit
661 1381 701 1450 ei,
723 1381 832 1453 pignori
851 1369 1122 1452 potius‘incnmbere

147 1479 226 1536 quam
240 1464 268 1520 iu
284 1480 427 1538 personam
440 1480 533 1542 agere:
550 1464 616 1520 adeo
629 1463 737 1538 quidem
750 1472 790 1535 ut,
806 1467 927 1538 quamvis
941 1466 1000 1539 ipse
1012 1464 1123 1522 debitor

147 1563 205 1604 eam
225 1563 282 1604 rem
303 1548 485 1622 subripuerit,
505 1549 591 1606 nihilo
614 1550 701 1604 minus
722 1549 850 1604 creditori
871 1541 1028 1624 competat²
1048 1551 1121 1606 actio

47 1640 88 1707 15(
93 1641 134 1705 lt)
147 1632 221 1687 iurti.
249 1633 316 1688 item
337 1635 360 1688 si
376 1634 443 1690 tullo
461 1633 587 1707 polienda
598 1631 748 1690 emandare
760 1641 805 1689 ant
817 1635 967 1690 sarcinator
981 1633 1122 1690 sarcienda

146 1717 307 1772 vestimenta
321 1717 444 1773 mercede
465 1725 538 1772 certa
559 1719 691 1790 acceperit
707 1734 792 1792 eaque
809 1718 884 1774 furto
901 1719 1035 1788 amiserit,
1060 1719 1120 1792 ipse

145 1800 212 1854 furti
228 1800 308 1856 habet
322 1802 465 1872 actionem,
480 1818 536 1856 non
551 1801 693 1874 dominus,
716 1804 778 1876 quia
793 1801 895 1858 domini
909 1803 976 1858 nihil
991 1803 1119 1873 interest,

147 1900 205 1940 eam
219 1900 276 1938 rem
292 1901 347 1940 uon
362 1877 494 1958 perisse,³
516 1902 577 1941 cum
597 1885 696 1942 indicio
717 1887 799 1944 locati
821 1905 836 1942 a
851 1887 955 1943 fullone
975 1894 1021 1942 aut
1037 1889 1120 1942 sarci·

146 1975 241 2024 uatore
256 1985 313 2024 rem
329 1986 404 2024 suam
419 1971 547 2044 persequi
561 1978 662 2044 potest.
699 1971 747 2027 sed
764 1980 791 2028 et
805 1971 891 2028 bonae
912 1971 975 2028 fidei
990 1973 1120 2046 emptori,

146 2051 274 2128 subrepta
288 2071 329 2126 re,
345 2071 424 2127 qnam
440 2056 545 2128 emerit,
561 2057 681 2129 quamvis
694 2055 819 2112 dominus
830 2074 886 2113 non
901 2059 946 2128 sit,
962 2057 1120 2112 omnimodo

146 2141 277 2212 competit
291 2139 356 2195 furti
371 2141 458 2212 actio,
479 2141 704 2213 quemadmodum
726 2148 754 2196 et
768 2142 904 2198 creditori.
934 2141 1030 2198 fulloni
1053 2157 1119 2196 vero

147 2230 175 2278 et
190 2225 348 2280 sarcinatori
363 2241 418 2280 nou
434 2225 512 2281 aliter
531 2225 598 2282 furti
613 2234 766 2300 competere
782 2226 898 2299 placuit,
919 2242 998 2300 qnam
1018 2227 1041 2281 si
1062 2227 1120 2280 sol-

147 2307 234 2364 vendo
251 2310 321 2380 sint,
341 2309 394 2364 hoc
415 2317 458 2365 est
478 2311 501 2365 si
515 2309 625 2366 domino
641 2313 681 2366 rei
700 2311 912 2366 aestimationem
932 2311 1038 2368 solvere
1054 2327 1120 2384 pos·

147 2393 214 2446 siut:
230 2410 291 2448 nam
306 2395 329 2448 si
344 2394 474 2450 solvendo
487 2411 542 2450 non
556 2402 632 2467 sunt,
647 2403 713 2452 tuuc
725 2397 785 2469 quia
796 2394 827 2450 ab
843 2397 882 2452 eis
897 2412 976 2451 suum
991 2395 1119 2452 dominus

148 2478 279 2550 consequi
294 2493 349 2532 non
364 2479 462 2550 possit,
477 2479 529 2552 ipsi
540 2478 650 2535 domino
666 2480 732 2538 iurti
747 2481 816 2535 actio
832 2482 972 2553 competit,
988 2481 1120 2556 quiahoc

148 2575 211 2616 casu
227 2562 311 2636 ipsius
327 2563 456 2636 interest,
477 2579 534 2618 rem
555 2563 653 2620 salvam
670 2581 739 2620 csse.
769 2563 840 2619 idem
861 2572 945 2621 estet
960 2566 1025 2622 siin
1041 2573 1119 2638 parte

47 2640 298 2724 15(18)soiveudo4
317 2649 373 2704 siut
394 2647 461 2704 tullo
482 2654 529 2704 aut
548 2649 706 2705 sarcinator.
747 2647 820 2716 Quae
838 2649 874 2704 de
895 2647 999 2706 sulione
1019 2659 1046 2704 et
1061 2665 1120 2703 sar·

148 2731 268 2788 cinatore
283 2731 414 2804 diximus,
438 2732 530 2789 eadem
550 2741 579 2789 et
599 2734 632 2789 ad
652 2749 730 2801 eum,
751 2734 795 2789 cui
815 2733 983 2789 commodata
1003 2751 1047 2789 res
1062 2741 1118 2804 est,

147 2816 334 2872 transferenda
350 2826 454 2873 veteres
470 2818 670 2874 existimabant:
690 2835 750 2874 nam
770 2825 801 2873 ut
821 2819 867 2874 ille
883 2817 951 2874 tullo
966 2817 1120 2874 mercedem

79 2941 81 2944 .
147 2899 301 2972 accipiendo
322 2902 471 2958 custodiam
486 2911 621 2976 praestat,
647 2905 685 2959 ita
698 2903 721 2958 is
737 2918 862 2978 quoque,
884 2904 930 2976 qui
941 2902 1119 2958 commodum

146 3031 349 3040 ....-——-——-

217 3098 235 3162 1)
254 3101 294 3161 55.
318 3102 430 3152 13...16
447 3087 489 3142 .--'
502 3101 557 3152 aar.
575 3104 599 3160 a,
618 3103 767 3152 303...206
784 3103 879 3166 partam
895 3107 955 3150 mut.
1016 3098 1038 3165 ²)
1059 3100 1118 3150 aar.

148 3170 439 3235 compediendum.
459 3171 517 3219 edd.
537 3169 610 3219 Salar.
630 3176 655 3218 et
673 3169 724 3223 Kr.
804 3167 825 3232 ³)
846 3169 901 3220 Gai.
923 3167 1035 3232 Tdeopb.
1052 3184 1119 3218 unus

147 3241 204 3289 cod.
224 3239 302 3300 infer.
321 3237 411 3302 perire
430 3239 511 3286 ceteri
535 3239 610 3288 codd.
634 3239 674 3287 ed.
693 3237 744 3289 Kr.
830 3234 850 3299 ⁴)
872 3238 910 3286 sic
928 3237 1002 3285 codd.
1022 3241 1070 3286 aet.
1091 3237 1120 3284 'et

145 3307 271 3370 plerique.
291 3306 321 3354 in
338 3308 446 3369 partem
465 3303 597 3353 solvendo
615 3305 661 3354 atii
677 3305 717 3357 ed.
737 3303 811 3356 Saba.
847 3305 891 3354 Aa
908 3305 986 3368 ipitar
1003 3302 1119 3352 arriden-

148 3373 205 3420 dum
223 3375 251 3422 in
269 3377 349 3437 parte
367 3369 546 3421 inuoluendo?
568 3378 595 3419 at
611 3373 743 3434 posterior
761 3379 833 3421 netas
851 3371 995 3429 insolutus,
1014 3369 1121 3420 ineolu-

148 3437 213 3488 bilis
232 3439 348 3501 dicebat3
375 3455 432 3488 anm
459 3438 531 3501 apud
551 3437 662 3501 Theopt.
689 3439 730 3488 lu‘c
747 3446 817 3490 reete
836 3431 969 3504 ἄπορος
991 3453 1041 3502 pro
1060 3427 1121 3488 εὕ-

148 3519 253 3571 acopos
271 3503 322 3569 leqi
338 3508 446 3556 videtur.
