2464 3916
169 233 230 297 132
305 248 339 282 oa
360 243 528 282 inurunrnus
548 241 805 278 errrunerroureun
823 225 875 291 111,
895 225 927 276 19
944 223 1005 290 (20).

135 402 151 449 2
170 390 311 464 adquirere
328 395 453 462 possunt.
491 384 544 441 Sed
560 401 622 441 cum
637 383 736 440 iactum
758 381 787 440 in
802 381 976 456 stipulatione
992 379 1139 438 continebi-

167 483 229 545 tur,
251 471 406 530 omnimodo
430 486 548 546 persona
568 468 723 544 stipulantis
738 461 927 540 continetur,¹
948 466 1032 522 veluti
1047 467 1072 520 si
1085 481 1138 520 ser·

166 575 215 614 vus
232 558 395 632 stipuletur,
418 564 449 612 ut
464 554 515 611 sibi
529 556 569 610 ire
584 569 665 628 agere
680 553 772 610 liceat:
795 553 854 626 ipse
869 552 939 608 enim
955 557 1062 607 tantum
1079 567 1140 624 pro·

133 647 149 694 3
169 642 254 700 hiberi
269 658 325 698 non
340 639 436 712 debet,
461 656 517 695 non
533 640 612 695 etiam
629 637 755 694 dominus
771 639 838 693 eius.
876 635 974 692 Servus
990 635 1140 692 communis

167 725 322 802 stipulando
338 726 484 800 unicuique
499 723 670 780 dominorum
685 739 735 797 pro
751 723 877 796 portione
892 720 1003 778 dominii
1014 719 1141 794 adquirit,

167 813 219 873 nisi
239 811 262 868 si
284 812 362 868 unius
384 827 479 866 eorum
494 810 571 865 iussu
586 816 632 864 aut
647 808 803 863 nominatim
820 807 864 862 eui
883 822 977 862 eorum
994 805 1141 879 stipulatus

168 904 223 952 est:
239 903 305 952 tuno
320 897 391 952 enim
404 894 457 950 soli
472 895 498 950 ei
513 893 672 967 adquiritur.
700 891 772 966 quod
788 907 882 947 servus
894 891 1044 947 communis
1056 891 1142 963 stipu-

167 981 254 1054 latur,
276 982 299 1036 si
320 980 397 1036 alteri
413 996 446 1035 ex
460 978 576 1034 dominis
598 977 702 1051 adquiri
723 993 779 1032 non
799 983 905 1050 potest,
925 974 1044 1031 solidum
1066 974 1143 1030 alteri

168 1066 336 1140 adquiritur,
358 1064 442 1120 veluti
463 1065 485 1118 si
507 1079 568 1134 res,
591 1078 669 1136 quam
685 1061 742 1118 dari
756 1059 902 1136 stipulatus
917 1067 975 1132 est,
998 1061 1079 1115 unius
1095 1059 1142 1114 do·

167 1151 233 1206 mini
248 1151 293 1206 sit.

523 1309 581 1352 TIT.
594 1309 677 1350 xvm
702 1309 785 1356 (ΧΠ).

363 1416 412 1466 DE
433 1413 619 1465 DIVISIONE
639 1410 948 1464 STIPULATIONUM.

116 1549 151 1588 Pr.
234 1534 464 1613 ²Stipulationum
479 1535 545 1593 aliae
561 1535 699 1592 iudiciales
715 1541 796 1606 suut,
812 1534 877 1600 aliae
891 1535 1058 1610 praetoriae,
1077 1535 1142 1590 aliae

168 1622 400 1694 conventionales,
415 1623 482 1678 aliae
496 1637 653 1677 communes
666 1628 719 1675 tam
734 1620 883 1693 praetoriae
899 1636 976 1693 quam
992 1619 1141 1676 iudiciales.

135 1716 149 1762 1
168 1708 307 1764 iudiciales
323 1714 387 1762 suut
407 1706 562 1776 dumtaxat,
585 1721 653 1777 quae
675 1721 689 1758 a
709 1720 785 1760 mero
807 1703 900 1760 iudicis
922 1702 1012 1760 cilicio
1034 1701 1150 1777 proiicit

169 1787 297 1848 scuntur:
312 1790 395 1846 veluti
411 1789 521 1845 dedolo
537 1789 626 1844 cautio
641 1788 684 1843 vel
699 1787 732 1844 de
743 1789 932 1862 persequendo
947 1805 1038 1860 servo,
1054 1791 1102 1861 qui
1115 1789 1143 1844 in

134 1877 150 1926 2
168 1878 233 1950 iuga
249 1883 307 1947 est,
326 1871 529 1930 restituendove
543 1873 642 1946 pretio.
673 1871 840 1944 Praetoriae,
862 1890 930 1948 quae
945 1891 959 1929 a
975 1889 1051 1930 mero
1066 1889 1141 1946 prae·

168 1961 237 2016 toris
253 1959 343 2016 oilicio
358 1956 584 2034 proficiscuntur,
605 1957 689 2012 veluti
710 1956 798 2013 damni
813 1958 905 2014 inlecti
921 1957 962 2014 vel
977 1958 1138 2032 legatorum.

168 2046 317 2119 praetorias
339 2051 429 2100 autem
449 2042 638 2116 stipulationes
659 2043 699 2098 sic
719 2043 839 2098 exaudiri
859 2050 983 2118 oportet,
1006 2051 1036 2098 ut
1057 2044 1085 2097 iu
1100 2043 1142 2097 his

1218 26 1225 197 l

169 2131 361 2186 contineantur
381 2129 461 2184 etiam
476 2127 626 2183 aediliciae:
648 2134 752 2183 namet
772 2127 822 2182 hae
844 2125 876 2183 ah
896 2127 1084 2188 iurisdictione
1099 2143 1145 2182 ve·
1225 2137 1226 2170 t

134 2216 256 2272 3niunt.
302 2213 527 2270 Corrventiouales
548 2220 628 2284 sunt,
657 2228 724 2284 quae
745 2227 778 2266 er
798 2213 978 2268 conventione
998 2213 1144 2285 utriusque
1225 2213 1226 2248 ἶ

168 2301 253 2372 partis
274 2300 481 2371 concipiuntur,
503 2297 556 2352 hoc
576 2303 618 2352 est
638 2312 726 2369 neque
747 2297 823 2351 iussu
842 2296 936 2352 iudicis
958 2312 1048 2369 neque
1066 2298 1145 2352 iussu

169 2383 318 2455 praetoris,
333 2382 382 2440 sed
398 2399 430 2437 er
446 2382 625 2436 conventione
640 2379 866 2436 contrahentium.
898 2397 1012 2455 quarum
1028 2379 1144 2441 totidem

170 2482 269 2540 genera
294 2473 373 2536 sunt,
400 2471 469 2538 quot
494 2461 589 2538 (paene
614 2463 736 2536 dixerim)
766 2481 855 2520 rerum
886 2465 1142 2522 contrahendarum.

134 2555 152 2602 4
170 2549 330 2605 Communes
352 2557 417 2606 sunt
436 2548 627 2622 stipulationes
650 2548 733 2604 veluti
754 2566 811 2605 rem
832 2549 930 2606 salvam
951 2550 1010 2606 lore
1031 2549 1144 2624 pupilli:

169 2651 229 2690 nam
244 2642 272 2690 et
286 2640 396 2708 praetor
415 2631 507 2705 iubet,
528 2649 584 2688 rem
600 2633 698 2688 salvam
714 2633 773 2689 iore
793 2634 898 2708 pupillo
913 2636 1000 2690 caveri
1016 2643 1044 2690 et
1059 2636 1146 2690 inter·

169 2719 233 2774 dum
248 2719 343 2791 iudex,
365 2719 387 2774 si
403 2717 482 2774 aliter
496 2717 615 2790 expediri
630 2719 696 2774 haec
711 2735 755 2774 res
770 2735 825 2774 uon
846 2726 954 2793 potest:
975 2719 1017 2776 vel
1033 2719 1068 2775 de
1081 2727 1145 2776 rato

167 2803 317 2876 stipulatio.

548 2965 605 3006 um.
619 2966 676 3006 m
699 2965 767 3014 (XX).

327 3051 376 3100 DE
397 3051 613 3102 lNU'PILIBUS
633 3051 973 3105 STIPULATIONIBUS.

117 3187 153 3230 er.
235 3171 326 3229 omnis
342 3190 400 3245 rer,
417 3191 485 3248 quae
500 3174 619 3230 dominio
632 3181 727 3230 nostro
739 3173 880 3247 subicitur,
895 3177 923 3231 in
938 3175 1145 3250 stipulationem

136 3261 150 3307 1
169 3259 265 3314 deduci
280 3265 387 3331 potest,
409 3260 465 3314 sive
485 3258 531 3314 illa
547 3258 652 3314 mobilis
668 3261 724 3316 sive
739 3259 792 3315 soli
806 3261 852 3315 sit.
889 3261 923 3315 At
945 3261 968 3315 si
989 3257 1051 3334 quis'
1072 3277 1144 3332 rem,

119 3521 122 3527 ¹
240 3453 258 3517 ¹)
277 3461 429 3508 quontitate
456 3457 567 3520 l'lteoph.
665 3457 685 3518 ²)
707 3459 1146 3522 pr.§§.1...4.sere=h.5

168 3537 210 3583 pr.
230 3524 262 3571 J).
282 3526 314 3574 de
331 3525 400 3579 oerb.
419 3524 469 3576 obl.
487 3521 540 3590 (tn,
560 3521 585 3589 1)
604 3541 639 3574 eor
657 3525 791 3588 Pomponii
808 3530 824 3580 l.
843 3528 876 3576 26
894 3529 931 3577 ad
947 3527 1010 3576 Sat.
1224 3513 1225 3536 ¹
