<?xml version="1.0" encoding="UTF-8"?>
<!DOCTYPE html PUBLIC "-//W3C//DTD XHTML 1.0 Transitional//EN"
    "http://www.w3.org/TR/xhtml1/DTD/xhtml1-transitional.dtd">
<html xmlns="http://www.w3.org/1999/xhtml" xml:lang="en" lang="en">
 <head>
  <title>
</title>
<meta http-equiv="Content-Type" content="text/html;charset=utf-8" />
  <meta name='ocr-system' content='tesseract 3.04.00' />
  <meta name='ocr-capabilities' content='ocr_page ocr_carea ocr_par ocr_line ocrx_word'/>
</head>
<body>
  <div class='ocr_page' id='page_1' title='image "./impivstinianiin00huscgoog_0192.png"; bbox 0 0 2484 3916; ppageno 0'>
   <div class='ocr_carea' id='block_1_1' title="bbox 75 229 1041 296">
    <p class='ocr_par' dir='ltr' id='par_1_1' title="bbox 75 229 1041 296">
     <span class='ocr_line' id='line_1_1' title="bbox 75 229 1041 296; baseline 0.002 -16"><span class='ocrx_word' id='word_1_1' title='bbox 75 243 180 288; x_wconf 75' lang='lat' dir='ltr'>omnus</span> <span class='ocrx_word' id='word_1_2' title='bbox 199 243 254 279; x_wconf 82' lang='lat' dir='ltr'>nora</span> <span class='ocrx_word' id='word_1_3' title='bbox 272 241 323 279; x_wconf 72' lang='lat' dir='ltr'>usn</span> <span class='ocrx_word' id='word_1_4' title='bbox 341 243 503 280; x_wconf 79' lang='lat' dir='ltr'>renuissun</span> <span class='ocrx_word' id='word_1_5' title='bbox 522 245 707 282; x_wconf 77' lang='lat' dir='ltr'>nrsnsnsnrn</span> <span class='ocrx_word' id='word_1_6' title='bbox 726 245 836 282; x_wconf 64' lang='lat' dir='ltr'>rames</span> <span class='ocrx_word' id='word_1_7' title='bbox 854 231 891 296; x_wconf 90' lang='lat'>11,</span> <span class='ocrx_word' id='word_1_8' title='bbox 912 233 951 282; x_wconf 81' lang='lat'>12.</span> <span class='ocrx_word' id='word_1_9' title='bbox 999 229 1041 295; x_wconf 87' lang='lat'>65</span> 
     </span>
    </p>
   </div>
   <div class='ocr_carea' id='block_1_2' title="bbox 71 413 1041 580">
    <p class='ocr_par' dir='ltr' id='par_1_2' title="bbox 71 413 1041 580">
     <span class='ocr_line' id='line_1_2' title="bbox 497 413 622 455; baseline 0.016 -2"><span class='ocrx_word' id='word_1_10' title='bbox 497 413 554 455; x_wconf 73' lang='lat' dir='ltr'>TI&#39;l&#39;.</span> <span class='ocrx_word' id='word_1_11' title='bbox 568 415 622 455; x_wconf 73' lang='lat' dir='ltr'>xn.</span> 
     </span>
     <span class='ocr_line' id='line_1_3' title="bbox 71 498 1041 580; baseline 0.003 -14"><span class='ocrx_word' id='word_1_12' title='bbox 71 514 211 580; x_wconf 81' lang='lat' dir='ltr'>oureus</span> <span class='ocrx_word' id='word_1_13' title='bbox 229 515 306 566; x_wconf 84' lang='lat' dir='ltr'>non</span> <span class='ocrx_word' id='word_1_14' title='bbox 324 513 392 565; x_wconf 81' lang='lat' dir='ltr'>ner</span> <span class='ocrx_word' id='word_1_15' title='bbox 404 498 617 568; x_wconf 76' lang='lat' dir='ltr'>rdsnrsaun</span> <span class='ocrx_word' id='word_1_16' title='bbox 630 516 876 569; x_wconf 77' lang='lat' dir='ltr'>rssnlnnnrn</span> <span class='ocrx_word' id='word_1_17' title='bbox 888 513 1041 570; x_wconf 73' lang='lat' dir='ltr'>escaus.</span> 
     </span>
    </p>
   </div>
   <div class='ocr_carea' id='block_1_3' title="bbox 67 637 1092 3256">
    <p class='ocr_par' dir='ltr' id='par_1_3' title="bbox 67 637 1092 3256">
     <span class='ocr_line' id='line_1_4' title="bbox 135 637 1092 714; baseline 0.004 -20"><span class='ocrx_word' id='word_1_18' title='bbox 135 638 196 694; x_wconf 89' lang='lat' dir='ltr'>Non</span> <span class='ocrx_word' id='word_1_19' title='bbox 210 645 301 694; x_wconf 90' lang='lat' dir='ltr'>tamen</span> <span class='ocrx_word' id='word_1_20' title='bbox 316 637 440 696; x_wconf 90' lang='lat' dir='ltr'>omnibus</span> <span class='ocrx_word' id='word_1_21' title='bbox 454 640 518 698; x_wconf 82' lang='lat' dir='ltr'>lieet</span> <span class='ocrx_word' id='word_1_22' title='bbox 533 638 621 694; x_wconf 89' lang='lat' dir='ltr'>iacere</span> <span class='ocrx_word' id='word_1_23' title='bbox 636 645 837 696; x_wconf 83' lang='lat' dir='ltr'>testamentum.</span> <span class='ocrx_word' id='word_1_24' title='bbox 862 642 954 698; x_wconf 90' lang='lat' dir='ltr'>statim</span> <span class='ocrx_word' id='word_1_25' title='bbox 969 644 1040 700; x_wconf 89' lang='lat' dir='ltr'>enim</span> <span class='ocrx_word' id='word_1_26' title='bbox 1057 656 1092 714; x_wconf 68' lang='lat' dir='ltr'>es.</span> 
     </span>
     <span class='ocr_line' id='line_1_5' title="bbox 72 715 1040 796; baseline 0.006 -18"><span class='ocrx_word' id='word_1_27' title='bbox 72 715 128 794; x_wconf 88' lang='lat' dir='ltr'>hi,¹</span> <span class='ocrx_word' id='word_1_28' title='bbox 146 723 194 796; x_wconf 93' lang='lat' dir='ltr'>qui</span> <span class='ocrx_word' id='word_1_29' title='bbox 208 723 296 778; x_wconf 88' lang='lat' dir='ltr'>alieno</span> <span class='ocrx_word' id='word_1_30' title='bbox 318 723 371 778; x_wconf 90' lang='lat' dir='ltr'>iuri</span> <span class='ocrx_word' id='word_1_31' title='bbox 390 722 506 780; x_wconf 90' lang='lat' dir='ltr'>subiecti</span> <span class='ocrx_word' id='word_1_32' title='bbox 520 730 601 794; x_wconf 90' lang='lat' dir='ltr'>sunt,</span> <span class='ocrx_word' id='word_1_33' title='bbox 623 725 778 780; x_wconf 75' lang='lat' dir='ltr'>testamenti</span> <span class='ocrx_word' id='word_1_34' title='bbox 794 723 906 782; x_wconf 81' lang='lat' dir='ltr'>faciendi</span> <span class='ocrx_word' id='word_1_35' title='bbox 926 728 969 782; x_wconf 93' lang='lat' dir='ltr'>ius</span> <span class='ocrx_word' id='word_1_36' title='bbox 985 744 1040 784; x_wconf 92' lang='lat' dir='ltr'>non</span> 
     </span>
     <span class='ocr_line' id='line_1_6' title="bbox 71 796 1041 883; baseline 0.004 -20"><span class='ocrx_word' id='word_1_37' title='bbox 71 807 182 872; x_wconf 90' lang='lat' dir='ltr'>habent,</span> <span class='ocrx_word' id='word_1_38' title='bbox 197 806 265 863; x_wconf 90' lang='lat' dir='ltr'>adeo</span> <span class='ocrx_word' id='word_1_39' title='bbox 281 796 391 880; x_wconf 84' lang='lat' dir='ltr'>quidem</span> <span class='ocrx_word' id='word_1_40' title='bbox 406 815 452 879; x_wconf 90' lang='lat' dir='ltr'>ut,</span> <span class='ocrx_word' id='word_1_41' title='bbox 468 809 587 881; x_wconf 89' lang='lat' dir='ltr'>quamvis</span> <span class='ocrx_word' id='word_1_42' title='bbox 602 817 728 882; x_wconf 85' lang='lat' dir='ltr'>parentes</span> <span class='ocrx_word' id='word_1_43' title='bbox 744 810 783 864; x_wconf 90' lang='lat' dir='ltr'>eis</span> <span class='ocrx_word' id='word_1_44' title='bbox 798 811 985 883; x_wconf 79' lang='lat' dir='ltr'>permiserint,</span> <span class='ocrx_word' id='word_1_45' title='bbox 1001 813 1041 867; x_wconf 90' lang='lat' dir='ltr'>ni·</span> 
     </span>
     <span class='ocr_line' id='line_1_7' title="bbox 70 893 1041 967; baseline 0.003 -19"><span class='ocrx_word' id='word_1_46' title='bbox 70 893 128 948; x_wconf 89' lang='lat' dir='ltr'>hilo</span> <span class='ocrx_word' id='word_1_47' title='bbox 144 893 230 966; x_wconf 79' lang='lat' dir='ltr'>magis</span> <span class='ocrx_word' id='word_1_48' title='bbox 245 893 304 948; x_wconf 90' lang='lat' dir='ltr'>iure</span> <span class='ocrx_word' id='word_1_49' title='bbox 320 893 412 947; x_wconf 88' lang='lat' dir='ltr'>testari</span> <span class='ocrx_word' id='word_1_50' title='bbox 428 893 549 966; x_wconf 80' lang='lat' dir='ltr'>possint:</span> <span class='ocrx_word' id='word_1_51' title='bbox 571 894 691 966; x_wconf 81' lang='lat' dir='ltr'>exeeptis</span> <span class='ocrx_word' id='word_1_52' title='bbox 706 893 766 964; x_wconf 90' lang='lat' dir='ltr'>his,</span> <span class='ocrx_word' id='word_1_53' title='bbox 788 909 858 967; x_wconf 90' lang='lat' dir='ltr'>quos</span> <span class='ocrx_word' id='word_1_54' title='bbox 882 902 959 950; x_wconf 88' lang='lat' dir='ltr'>autea</span> <span class='ocrx_word' id='word_1_55' title='bbox 975 912 1041 951; x_wconf 90' lang='lat' dir='ltr'>enn-</span> 
     </span>
     <span class='ocr_line' id='line_1_8' title="bbox 71 975 1041 1053; baseline 0.004 -21"><span class='ocrx_word' id='word_1_56' title='bbox 71 977 233 1032; x_wconf 87' lang='lat' dir='ltr'>meravimus</span> <span class='ocrx_word' id='word_1_57' title='bbox 254 984 282 1030; x_wconf 94' lang='lat' dir='ltr'>et</span> <span class='ocrx_word' id='word_1_58' title='bbox 302 977 446 1050; x_wconf 83' lang='lat' dir='ltr'>praecipue</span> <span class='ocrx_word' id='word_1_59' title='bbox 466 975 610 1047; x_wconf 81' lang='lat' dir='ltr'>militibus,</span> <span class='ocrx_word' id='word_1_60' title='bbox 632 979 678 1051; x_wconf 93' lang='lat' dir='ltr'>qui</span> <span class='ocrx_word' id='word_1_61' title='bbox 699 978 727 1032; x_wconf 92' lang='lat' dir='ltr'>in</span> <span class='ocrx_word' id='word_1_62' title='bbox 748 985 884 1052; x_wconf 79' lang='lat' dir='ltr'>potestate</span> <span class='ocrx_word' id='word_1_63' title='bbox 899 989 1041 1053; x_wconf 90' lang='lat' dir='ltr'>parentum</span> 
     </span>
     <span class='ocr_line' id='line_1_9' title="bbox 69 1056 1040 1138; baseline 0.004 -22"><span class='ocrx_word' id='word_1_64' title='bbox 69 1069 147 1131; x_wconf 88' lang='lat' dir='ltr'>sunt,</span> <span class='ocrx_word' id='word_1_65' title='bbox 164 1059 263 1134; x_wconf 86' lang='lat' dir='ltr'>quibus</span> <span class='ocrx_word' id='word_1_66' title='bbox 279 1060 312 1116; x_wconf 93' lang='lat' dir='ltr'>de</span> <span class='ocrx_word' id='word_1_67' title='bbox 328 1076 371 1130; x_wconf 89' lang='lat' dir='ltr'>eo,</span> <span class='ocrx_word' id='word_1_68' title='bbox 385 1060 459 1134; x_wconf 92' lang='lat' dir='ltr'>quod</span> <span class='ocrx_word' id='word_1_69' title='bbox 473 1062 501 1116; x_wconf 92' lang='lat' dir='ltr'>in</span> <span class='ocrx_word' id='word_1_70' title='bbox 513 1062 607 1118; x_wconf 84' lang='lat' dir='ltr'>castris</span> <span class='ocrx_word' id='word_1_71' title='bbox 619 1061 807 1135; x_wconf 80' lang='lat' dir='ltr'>adquisierint,</span> <span class='ocrx_word' id='word_1_72' title='bbox 824 1065 987 1138; x_wconf 84' lang='lat' dir='ltr'>permissum</span> <span class='ocrx_word' id='word_1_73' title='bbox 998 1056 1040 1120; x_wconf 81' lang='lat' dir='ltr'>es&#39;t</span> 
     </span>
     <span class='ocr_line' id='line_1_10' title="bbox 69 1143 1041 1222; baseline 0.005 -22"><span class='ocrx_word' id='word_1_74' title='bbox 69 1162 102 1200; x_wconf 86' lang='lat' dir='ltr'>os</span> <span class='ocrx_word' id='word_1_75' title='bbox 117 1143 362 1202; x_wconf 82' lang='lat' dir='ltr'>constitutionibus</span> <span class='ocrx_word' id='word_1_76' title='bbox 382 1147 535 1220; x_wconf 91' lang='lat' dir='ltr'>principum</span> <span class='ocrx_word' id='word_1_77' title='bbox 550 1153 743 1203; x_wconf 87' lang='lat' dir='ltr'>testamentum</span> <span class='ocrx_word' id='word_1_78' title='bbox 763 1147 860 1204; x_wconf 89' lang='lat' dir='ltr'>iacere.</span> <span class='ocrx_word' id='word_1_79' title='bbox 893 1148 967 1222; x_wconf 92' lang='lat' dir='ltr'>quod</span> <span class='ocrx_word' id='word_1_80' title='bbox 983 1149 1041 1222; x_wconf 90' lang='lat' dir='ltr'>qui·</span> 
     </span>
     <span class='ocr_line' id='line_1_11' title="bbox 69 1229 1041 1290; baseline 0.004 -5"><span class='ocrx_word' id='word_1_81' title='bbox 69 1229 133 1286; x_wconf 88' lang='lat' dir='ltr'>dem</span> <span class='ocrx_word' id='word_1_82' title='bbox 153 1231 234 1286; x_wconf 90' lang='lat' dir='ltr'>initio</span> <span class='ocrx_word' id='word_1_83' title='bbox 255 1235 360 1285; x_wconf 90' lang='lat' dir='ltr'>tantum</span> <span class='ocrx_word' id='word_1_84' title='bbox 380 1229 557 1286; x_wconf 77' lang='lat' dir='ltr'>militantibus</span> <span class='ocrx_word' id='word_1_85' title='bbox 578 1229 670 1286; x_wconf 91' lang='lat' dir='ltr'>datum</span> <span class='ocrx_word' id='word_1_86' title='bbox 691 1239 733 1287; x_wconf 87' lang='lat' dir='ltr'>est</span> <span class='ocrx_word' id='word_1_87' title='bbox 755 1239 808 1288; x_wconf 86' lang='lat' dir='ltr'>tam</span> <span class='ocrx_word' id='word_1_88' title='bbox 831 1249 864 1288; x_wconf 84' lang='lat' dir='ltr'>er</span> <span class='ocrx_word' id='word_1_89' title='bbox 879 1234 1041 1290; x_wconf 86' lang='lat' dir='ltr'>auctoritate</span> 
     </span>
     <span class='ocr_line' id='line_1_12' title="bbox 68 1314 1039 1391; baseline 0.005 -23"><span class='ocrx_word' id='word_1_90' title='bbox 68 1314 124 1369; x_wconf 88' lang='lat' dir='ltr'>divi</span> <span class='ocrx_word' id='word_1_91' title='bbox 139 1314 258 1388; x_wconf 79' lang='lat' dir='ltr'>Augusti</span> <span class='ocrx_word' id='word_1_92' title='bbox 273 1330 352 1388; x_wconf 92' lang='lat' dir='ltr'>quarn</span> <span class='ocrx_word' id='word_1_93' title='bbox 366 1315 469 1371; x_wconf 83' lang='lat' dir='ltr'>Nervae</span> <span class='ocrx_word' id='word_1_94' title='bbox 483 1330 534 1371; x_wconf 90' lang='lat' dir='ltr'>nec</span> <span class='ocrx_word' id='word_1_95' title='bbox 548 1331 604 1372; x_wconf 89' lang='lat' dir='ltr'>nou</span> <span class='ocrx_word' id='word_1_96' title='bbox 619 1317 714 1389; x_wconf 88' lang='lat' dir='ltr'>optimi</span> <span class='ocrx_word' id='word_1_97' title='bbox 734 1317 904 1391; x_wconf 90' lang='lat' dir='ltr'>imperatoris</span> <span class='ocrx_word' id='word_1_98' title='bbox 920 1317 1039 1386; x_wconf 84' lang='lat' dir='ltr'>&#39;isaiani3</span> 
     </span>
     <span class='ocr_line' id='line_1_13' title="bbox 69 1397 1040 1473; baseline 0.004 -19"><span class='ocrx_word' id='word_1_99' title='bbox 69 1405 169 1471; x_wconf 90' lang='lat' dir='ltr'>postea</span> <span class='ocrx_word' id='word_1_100' title='bbox 183 1414 247 1454; x_wconf 86' lang='lat' dir='ltr'>vero</span> <span class='ocrx_word' id='word_1_101' title='bbox 263 1397 462 1473; x_wconf 81' lang='lat' dir='ltr'>subscriptione</span> <span class='ocrx_word' id='word_1_102' title='bbox 482 1398 535 1456; x_wconf 91' lang='lat' dir='ltr'>divi</span> <span class='ocrx_word' id='word_1_103' title='bbox 551 1399 677 1455; x_wconf 90' lang='lat' dir='ltr'>Hadriani</span> <span class='ocrx_word' id='word_1_104' title='bbox 697 1401 778 1456; x_wconf 90' lang='lat' dir='ltr'>etiam</span> <span class='ocrx_word' id='word_1_105' title='bbox 797 1400 914 1458; x_wconf 90' lang='lat' dir='ltr'>dimissis</span> <span class='ocrx_word' id='word_1_106' title='bbox 935 1401 1040 1472; x_wconf 91' lang='lat' dir='ltr'>militia,</span> 
     </span>
     <span class='ocr_line' id='line_1_14' title="bbox 70 1482 1041 1559; baseline 0.003 -22"><span class='ocrx_word' id='word_1_107' title='bbox 70 1482 98 1537; x_wconf 93' lang='lat' dir='ltr'>id</span> <span class='ocrx_word' id='word_1_108' title='bbox 115 1489 159 1538; x_wconf 92' lang='lat' dir='ltr'>est</span> <span class='ocrx_word' id='word_1_109' title='bbox 173 1483 303 1538; x_wconf 89' lang='lat' dir='ltr'>veteranis</span> <span class='ocrx_word' id='word_1_110' title='bbox 325 1499 484 1540; x_wconf 86' lang='lat' dir='ltr'>eoncessum</span> <span class='ocrx_word' id='word_1_111' title='bbox 505 1491 557 1540; x_wconf 91' lang='lat' dir='ltr'>est.</span> <span class='ocrx_word' id='word_1_112' title='bbox 592 1485 684 1558; x_wconf 93' lang='lat' dir='ltr'>itaque</span> <span class='ocrx_word' id='word_1_113' title='bbox 705 1485 728 1540; x_wconf 92' lang='lat' dir='ltr'>si</span> <span class='ocrx_word' id='word_1_114' title='bbox 750 1485 858 1559; x_wconf 90' lang='lat' dir='ltr'>quidem</span> <span class='ocrx_word' id='word_1_115' title='bbox 879 1485 992 1541; x_wconf 87' lang='lat' dir='ltr'>iecerint</span> <span class='ocrx_word' id='word_1_116' title='bbox 1007 1485 1041 1542; x_wconf 93' lang='lat' dir='ltr'>de</span> 
     </span>
     <span class='ocr_line' id='line_1_15' title="bbox 67 1567 1039 1642; baseline 0.002 -20"><span class='ocrx_word' id='word_1_117' title='bbox 67 1568 203 1623; x_wconf 87' lang='lat' dir='ltr'>castrensi</span> <span class='ocrx_word' id='word_1_118' title='bbox 223 1567 330 1640; x_wconf 87' lang='lat' dir='ltr'>peculio</span> <span class='ocrx_word' id='word_1_119' title='bbox 351 1575 558 1640; x_wconf 87' lang='lat' dir='ltr'>testamentum,</span> <span class='ocrx_word' id='word_1_120' title='bbox 582 1567 732 1642; x_wconf 86' lang='lat' dir='ltr'>pertinebit</span> <span class='ocrx_word' id='word_1_121' title='bbox 749 1570 803 1625; x_wconf 89' lang='lat' dir='ltr'>hoe</span> <span class='ocrx_word' id='word_1_122' title='bbox 818 1568 849 1624; x_wconf 88' lang='lat' dir='ltr'>ad</span> <span class='ocrx_word' id='word_1_123' title='bbox 866 1585 943 1639; x_wconf 90' lang='lat' dir='ltr'>eum,</span> <span class='ocrx_word' id='word_1_124' title='bbox 960 1585 1039 1642; x_wconf 88' lang='lat' dir='ltr'>quem</span> 
     </span>
     <span class='ocr_line' id='line_1_16' title="bbox 70 1651 1040 1727; baseline 0.002 -20"><span class='ocrx_word' id='word_1_125' title='bbox 70 1651 199 1708; x_wconf 88' lang='lat' dir='ltr'>heredem</span> <span class='ocrx_word' id='word_1_126' title='bbox 213 1651 387 1727; x_wconf 85' lang='lat' dir='ltr'>reliquerint:</span> <span class='ocrx_word' id='word_1_127' title='bbox 404 1654 427 1708; x_wconf 88' lang='lat' dir='ltr'>si</span> <span class='ocrx_word' id='word_1_128' title='bbox 442 1669 507 1710; x_wconf 90' lang='lat' dir='ltr'>vero</span> <span class='ocrx_word' id='word_1_129' title='bbox 522 1653 645 1710; x_wconf 73' lang='lat' dir='ltr'>intoetati</span> <span class='ocrx_word' id='word_1_130' title='bbox 659 1652 835 1724; x_wconf 87' lang='lat' dir='ltr'>decesserint,</span> <span class='ocrx_word' id='word_1_131' title='bbox 850 1653 932 1710; x_wconf 90' lang='lat' dir='ltr'>nullis</span> <span class='ocrx_word' id='word_1_132' title='bbox 947 1651 1040 1709; x_wconf 89' lang='lat' dir='ltr'>liberis</span> 
     </span>
     <span class='ocr_line' id='line_1_17' title="bbox 69 1735 1040 1812; baseline 0.004 -23"><span class='ocrx_word' id='word_1_133' title='bbox 69 1736 111 1792; x_wconf 89' lang='lat' dir='ltr'>vel</span> <span class='ocrx_word' id='word_1_134' title='bbox 130 1735 262 1794; x_wconf 86' lang='lat' dir='ltr'>iratribus</span> <span class='ocrx_word' id='word_1_135' title='bbox 283 1735 492 1812; x_wconf 86' lang='lat' dir='ltr'>superstitibus,</span> <span class='ocrx_word' id='word_1_136' title='bbox 512 1737 545 1793; x_wconf 90' lang='lat' dir='ltr'>ad</span> <span class='ocrx_word' id='word_1_137' title='bbox 566 1745 692 1811; x_wconf 89' lang='lat' dir='ltr'>parentes</span> <span class='ocrx_word' id='word_1_138' title='bbox 715 1753 809 1795; x_wconf 91' lang='lat' dir='ltr'>eorum</span> <span class='ocrx_word' id='word_1_139' title='bbox 829 1739 889 1795; x_wconf 92' lang='lat' dir='ltr'>iure</span> <span class='ocrx_word' id='word_1_140' title='bbox 905 1740 1040 1794; x_wconf 89' lang='lat' dir='ltr'>communi</span> 
     </span>
     <span class='ocr_line' id='line_1_18' title="bbox 69 1817 1040 1897; baseline 0.005 -22"><span class='ocrx_word' id='word_1_141' title='bbox 69 1819 228 1892; x_wconf 90' lang='lat' dir='ltr'>pertinebit.</span> <span class='ocrx_word' id='word_1_142' title='bbox 259 1817 536 1897; x_wconf 78' lang='lat' dir='ltr'>es-boe&#39;intellegere</span> <span class='ocrx_word' id='word_1_143' title='bbox 551 1838 715 1896; x_wconf 89' lang='lat' dir='ltr'>possumus,</span> <span class='ocrx_word' id='word_1_144' title='bbox 736 1822 810 1897; x_wconf 89' lang='lat' dir='ltr'>quod</span> <span class='ocrx_word' id='word_1_145' title='bbox 829 1824 858 1880; x_wconf 89' lang='lat' dir='ltr'>in</span> <span class='ocrx_word' id='word_1_146' title='bbox 879 1825 973 1880; x_wconf 86' lang='lat' dir='ltr'>eastris</span> <span class='ocrx_word' id='word_1_147' title='bbox 994 1823 1040 1880; x_wconf 90' lang='lat' dir='ltr'>ad·</span> 
     </span>
     <span class='ocr_line' id='line_1_19' title="bbox 69 1905 1040 1983; baseline 0.005 -24"><span class='ocrx_word' id='word_1_148' title='bbox 69 1905 196 1978; x_wconf 89' lang='lat' dir='ltr'>qnisierit</span> <span class='ocrx_word' id='word_1_149' title='bbox 210 1905 298 1976; x_wconf 89' lang='lat' dir='ltr'>miles,</span> <span class='ocrx_word' id='word_1_150' title='bbox 315 1907 360 1980; x_wconf 92' lang='lat' dir='ltr'>qui</span> <span class='ocrx_word' id='word_1_151' title='bbox 373 1907 402 1962; x_wconf 91' lang='lat' dir='ltr'>iu</span> <span class='ocrx_word' id='word_1_152' title='bbox 412 1913 549 1980; x_wconf 78' lang='lat' dir='ltr'>potestate</span> <span class='ocrx_word' id='word_1_153' title='bbox 563 1909 647 1981; x_wconf 87' lang='lat' dir='ltr'>patris</span> <span class='ocrx_word' id='word_1_154' title='bbox 663 1915 714 1978; x_wconf 88' lang='lat' dir='ltr'>est,</span> <span class='ocrx_word' id='word_1_155' title='bbox 726 1923 816 1982; x_wconf 89' lang='lat' dir='ltr'>neque</span> <span class='ocrx_word' id='word_1_156' title='bbox 831 1909 921 1982; x_wconf 88' lang='lat' dir='ltr'>ipsum</span> <span class='ocrx_word' id='word_1_157' title='bbox 935 1917 1040 1983; x_wconf 86' lang='lat' dir='ltr'>patrem</span> 
     </span>
     <span class='ocr_line' id='line_1_20' title="bbox 69 1988 1041 2064; baseline 0.004 -20"><span class='ocrx_word' id='word_1_158' title='bbox 69 1988 189 2045; x_wconf 87' lang='lat' dir='ltr'>adimere</span> <span class='ocrx_word' id='word_1_159' title='bbox 209 2005 291 2062; x_wconf 91' lang='lat' dir='ltr'>posse</span> <span class='ocrx_word' id='word_1_160' title='bbox 311 2006 401 2064; x_wconf 89' lang='lat' dir='ltr'>neque</span> <span class='ocrx_word' id='word_1_161' title='bbox 426 1992 510 2064; x_wconf 78' lang='lat' dir='ltr'>patris</span> <span class='ocrx_word' id='word_1_162' title='bbox 536 1991 685 2048; x_wconf 87' lang='lat' dir='ltr'>creditores</span> <span class='ocrx_word' id='word_1_163' title='bbox 713 1992 742 2048; x_wconf 91' lang='lat' dir='ltr'>id</span> <span class='ocrx_word' id='word_1_164' title='bbox 762 1992 879 2048; x_wconf 87' lang='lat' dir='ltr'>vendere</span> <span class='ocrx_word' id='word_1_165' title='bbox 900 1992 943 2048; x_wconf 90' lang='lat' dir='ltr'>vel</span> <span class='ocrx_word' id='word_1_166' title='bbox 963 1993 1041 2048; x_wconf 88' lang='lat' dir='ltr'>aliter</span> 
     </span>
     <span class='ocr_line' id='line_1_21' title="bbox 68 2075 1040 2148; baseline 0.003 -20"><span class='ocrx_word' id='word_1_167' title='bbox 68 2075 223 2147; x_wconf 89' lang='lat' dir='ltr'>inquietare</span> <span class='ocrx_word' id='word_1_168' title='bbox 242 2090 346 2148; x_wconf 92' lang='lat' dir='ltr'>neque,</span> <span class='ocrx_word' id='word_1_169' title='bbox 361 2083 438 2148; x_wconf 86' lang='lat' dir='ltr'>patre</span> <span class='ocrx_word' id='word_1_170' title='bbox 452 2083 577 2146; x_wconf 87' lang='lat' dir='ltr'>mortno,</span> <span class='ocrx_word' id='word_1_171' title='bbox 593 2092 654 2131; x_wconf 89' lang='lat' dir='ltr'>curn</span> <span class='ocrx_word' id='word_1_172' title='bbox 669 2075 797 2131; x_wconf 79' lang='lat' dir='ltr'>iratribus</span> <span class='ocrx_word' id='word_1_173' title='bbox 812 2092 872 2132; x_wconf 90' lang='lat' dir='ltr'>esse</span> <span class='ocrx_word' id='word_1_174' title='bbox 887 2093 1040 2148; x_wconf 88' lang='lat' dir='ltr'>commune,</span> 
     </span>
     <span class='ocr_line' id='line_1_22' title="bbox 69 2157 1037 2234; baseline 0.001 -21"><span class='ocrx_word' id='word_1_175' title='bbox 69 2159 114 2214; x_wconf 91' lang='lat' dir='ltr'>sed</span> <span class='ocrx_word' id='word_1_176' title='bbox 129 2157 239 2215; x_wconf 90' lang='lat' dir='ltr'>scilicet</span> <span class='ocrx_word' id='word_1_177' title='bbox 253 2161 394 2234; x_wconf 88' lang='lat' dir='ltr'>proprium</span> <span class='ocrx_word' id='word_1_178' title='bbox 409 2161 466 2216; x_wconf 89' lang='lat' dir='ltr'>eius</span> <span class='ocrx_word' id='word_1_179' title='bbox 482 2159 603 2231; x_wconf 84' lang='lat' dir='ltr'>esseid,</span> <span class='ocrx_word' id='word_1_180' title='bbox 623 2159 697 2233; x_wconf 90' lang='lat' dir='ltr'>quod</span> <span class='ocrx_word' id='word_1_181' title='bbox 716 2161 745 2216; x_wconf 89' lang='lat' dir='ltr'>in</span> <span class='ocrx_word' id='word_1_182' title='bbox 760 2161 855 2215; x_wconf 88' lang='lat' dir='ltr'>castris</span> <span class='ocrx_word' id='word_1_183' title='bbox 870 2160 1037 2232; x_wconf 84' lang='lat' dir='ltr'>adquisierit,</span> 
     </span>
     <span class='ocr_line' id='line_1_23' title="bbox 69 2245 1038 2318; baseline 0.001 -20"><span class='ocrx_word' id='word_1_184' title='bbox 69 2259 235 2317; x_wconf 90' lang='lat' dir='ltr'>quamquam</span> <span class='ocrx_word' id='word_1_185' title='bbox 249 2245 308 2300; x_wconf 90' lang='lat' dir='ltr'>iure</span> <span class='ocrx_word' id='word_1_186' title='bbox 322 2245 392 2300; x_wconf 85' lang='lat' dir='ltr'>civili</span> <span class='ocrx_word' id='word_1_187' title='bbox 408 2245 537 2314; x_wconf 90' lang='lat' dir='ltr'>omnium,</span> <span class='ocrx_word' id='word_1_188' title='bbox 554 2245 643 2317; x_wconf 91' lang='lat' dir='ltr'>quiin</span> <span class='ocrx_word' id='word_1_189' title='bbox 658 2251 795 2318; x_wconf 87' lang='lat' dir='ltr'>potestate</span> <span class='ocrx_word' id='word_1_190' title='bbox 810 2253 952 2318; x_wconf 87' lang='lat' dir='ltr'>parentum</span> <span class='ocrx_word' id='word_1_191' title='bbox 964 2251 1038 2314; x_wconf 86' lang='lat' dir='ltr'>sunt,</span> 
     </span>
     <span class='ocr_line' id='line_1_24' title="bbox 68 2328 1040 2406; baseline 0.002 -24"><span class='ocrx_word' id='word_1_192' title='bbox 68 2329 176 2400; x_wconf 88' lang='lat' dir='ltr'>peculia</span> <span class='ocrx_word' id='word_1_193' title='bbox 190 2328 304 2402; x_wconf 91' lang='lat' dir='ltr'>perinde</span> <span class='ocrx_word' id='word_1_194' title='bbox 318 2330 345 2384; x_wconf 94' lang='lat' dir='ltr'>in</span> <span class='ocrx_word' id='word_1_195' title='bbox 360 2329 439 2385; x_wconf 90' lang='lat' dir='ltr'>bouis</span> <span class='ocrx_word' id='word_1_196' title='bbox 453 2336 597 2404; x_wconf 84' lang='lat' dir='ltr'>parentum</span> <span class='ocrx_word' id='word_1_197' title='bbox 611 2335 815 2402; x_wconf 87' lang='lat' dir='ltr'>computantur,</span> <span class='ocrx_word' id='word_1_198' title='bbox 830 2329 884 2384; x_wconf 89' lang='lat' dir='ltr'>acsi</span> <span class='ocrx_word' id='word_1_199' title='bbox 899 2344 1040 2406; x_wconf 85' lang='lat' dir='ltr'>servorum</span> 
     </span>
     <span class='ocr_line' id='line_1_25' title="bbox 68 2411 1059 2488; baseline 0.002 -22"><span class='ocrx_word' id='word_1_200' title='bbox 68 2413 177 2484; x_wconf 87' lang='lat' dir='ltr'>peculia</span> <span class='ocrx_word' id='word_1_201' title='bbox 191 2413 221 2468; x_wconf 94' lang='lat' dir='ltr'>in</span> <span class='ocrx_word' id='word_1_202' title='bbox 234 2411 312 2469; x_wconf 91' lang='lat' dir='ltr'>bonis</span> <span class='ocrx_word' id='word_1_203' title='bbox 323 2412 495 2470; x_wconf 91' lang='lat' dir='ltr'>dominorum</span> <span class='ocrx_word' id='word_1_204' title='bbox 511 2421 700 2470; x_wconf 86' lang='lat' dir='ltr'>numerantur:</span> <span class='ocrx_word' id='word_1_205' title='bbox 716 2414 835 2488; x_wconf 80' lang='lat' dir='ltr'>exeeptis</span> <span class='ocrx_word' id='word_1_206' title='bbox 851 2412 975 2470; x_wconf 90' lang='lat' dir='ltr'>videlicet</span> <span class='ocrx_word' id='word_1_207' title='bbox 987 2413 1040 2484; x_wconf 90' lang='lat' dir='ltr'>bis,</span> <span class='ocrx_word' id='word_1_208' title='bbox 1057 2473 1059 2476; x_wconf 65' lang='grc'><strong>,</strong></span> 
     </span>
     <span class='ocr_line' id='line_1_26' title="bbox 70 2489 1042 2572; baseline 0 -20"><span class='ocrx_word' id='word_1_209' title='bbox 70 2513 137 2569; x_wconf 89' lang='lat' dir='ltr'>quae</span> <span class='ocrx_word' id='word_1_210' title='bbox 154 2513 190 2552; x_wconf 83' lang='lat' dir='ltr'>es</span> <span class='ocrx_word' id='word_1_211' title='bbox 205 2498 287 2554; x_wconf 89' lang='lat' dir='ltr'>sacris</span> <span class='ocrx_word' id='word_1_212' title='bbox 308 2489 571 2565; x_wconf 82' lang='lat' dir='ltr'>constitutionibus²</span> <span class='ocrx_word' id='word_1_213' title='bbox 592 2505 620 2553; x_wconf 94' lang='lat' dir='ltr'>et</span> <span class='ocrx_word' id='word_1_214' title='bbox 640 2499 784 2572; x_wconf 85' lang='lat' dir='ltr'>praecipue</span> <span class='ocrx_word' id='word_1_215' title='bbox 804 2498 906 2554; x_wconf 90' lang='lat' dir='ltr'>nostris</span> <span class='ocrx_word' id='word_1_216' title='bbox 927 2505 1042 2572; x_wconf 89' lang='lat' dir='ltr'>propter</span> 
     </span>
     <span class='ocr_line' id='line_1_27' title="bbox 69 2580 1040 2656; baseline 0.004 -22"><span class='ocrx_word' id='word_1_217' title='bbox 69 2580 191 2638; x_wconf 87' lang='lat' dir='ltr'>diversas</span> <span class='ocrx_word' id='word_1_218' title='bbox 206 2597 300 2638; x_wconf 88' lang='lat' dir='ltr'>causas</span> <span class='ocrx_word' id='word_1_219' title='bbox 315 2599 371 2638; x_wconf 92' lang='lat' dir='ltr'>non</span> <span class='ocrx_word' id='word_1_220' title='bbox 386 2583 575 2656; x_wconf 87' lang='lat' dir='ltr'>adquiruntur.</span> <span class='ocrx_word' id='word_1_221' title='bbox 606 2591 715 2656; x_wconf 86' lang='lat' dir='ltr'>praeter</span> <span class='ocrx_word' id='word_1_222' title='bbox 737 2583 787 2638; x_wconf 85' lang='lat' dir='ltr'>laos</span> <span class='ocrx_word' id='word_1_223' title='bbox 808 2583 908 2656; x_wconf 81' lang='lat' dir='ltr'>igitur,</span> <span class='ocrx_word' id='word_1_224' title='bbox 931 2583 977 2656; x_wconf 92' lang='lat' dir='ltr'>qui</span> <span class='ocrx_word' id='word_1_225' title='bbox 998 2598 1040 2638; x_wconf 89' lang='lat' dir='ltr'>oa·</span> 
     </span>
     <span class='ocr_line' id='line_1_28' title="bbox 70 2663 1040 2741; baseline 0 -21"><span class='ocrx_word' id='word_1_226' title='bbox 70 2673 178 2722; x_wconf 86' lang='lat' dir='ltr'>strense</span> <span class='ocrx_word' id='word_1_227' title='bbox 192 2667 328 2740; x_wconf 87' lang='lat' dir='ltr'>peculium</span> <span class='ocrx_word' id='word_1_228' title='bbox 340 2667 383 2723; x_wconf 82' lang='lat' dir='ltr'>rel</span> <span class='ocrx_word' id='word_1_229' title='bbox 398 2668 476 2741; x_wconf 89' lang='lat' dir='ltr'>quasi</span> <span class='ocrx_word' id='word_1_230' title='bbox 487 2674 626 2724; x_wconf 89' lang='lat' dir='ltr'>castrense</span> <span class='ocrx_word' id='word_1_231' title='bbox 637 2666 746 2738; x_wconf 87' lang='lat' dir='ltr'>babent,</span> <span class='ocrx_word' id='word_1_232' title='bbox 762 2668 785 2722; x_wconf 92' lang='lat' dir='ltr'>si</span> <span class='ocrx_word' id='word_1_233' title='bbox 797 2668 857 2740; x_wconf 91' lang='lat' dir='ltr'>quis</span> <span class='ocrx_word' id='word_1_234' title='bbox 872 2666 939 2722; x_wconf 89' lang='lat' dir='ltr'>alius</span> <span class='ocrx_word' id='word_1_235' title='bbox 955 2663 1040 2721; x_wconf 88' lang='lat' dir='ltr'>iilius·</span> 
     </span>
     <span class='ocr_line' id='line_1_29' title="bbox 70 2748 1039 2826; baseline 0.001 -23"><span class='ocrx_word' id='word_1_236' title='bbox 70 2748 184 2807; x_wconf 81' lang='lat' dir='ltr'>familias</span> <span class='ocrx_word' id='word_1_237' title='bbox 204 2758 397 2808; x_wconf 85' lang='lat' dir='ltr'>testementum</span> <span class='ocrx_word' id='word_1_238' title='bbox 417 2751 528 2826; x_wconf 88' lang='lat' dir='ltr'>iecerit,</span> <span class='ocrx_word' id='word_1_239' title='bbox 550 2753 646 2808; x_wconf 91' lang='lat' dir='ltr'>inutile</span> <span class='ocrx_word' id='word_1_240' title='bbox 667 2758 724 2825; x_wconf 87' lang='lat' dir='ltr'>est,</span> <span class='ocrx_word' id='word_1_241' title='bbox 739 2752 803 2808; x_wconf 92' lang='lat' dir='ltr'>lieet</span> <span class='ocrx_word' id='word_1_242' title='bbox 817 2766 881 2806; x_wconf 90' lang='lat' dir='ltr'>suae</span> <span class='ocrx_word' id='word_1_243' title='bbox 895 2750 1039 2824; x_wconf 90' lang='lat' dir='ltr'>potestatis</span> 
     </span>
     <span class='ocr_line' id='line_1_30' title="bbox 70 2833 1070 2909; baseline 0.004 -21"><span class='ocrx_word' id='word_1_244' title='bbox 70 2833 157 2892; x_wconf 86' lang='lat' dir='ltr'>iaetus</span> <span class='ocrx_word' id='word_1_245' title='bbox 180 2835 337 2893; x_wconf 86' lang='lat' dir='ltr'>decesserit.</span> <span class='ocrx_word' id='word_1_246' title='bbox 372 2834 516 2894; x_wconf 86' lang='lat' dir='ltr'>Praeterea</span> <span class='ocrx_word' id='word_1_247' title='bbox 535 2843 727 2894; x_wconf 90' lang='lat' dir='ltr'>testamentum</span> <span class='ocrx_word' id='word_1_248' title='bbox 747 2835 837 2892; x_wconf 85' lang='lat' dir='ltr'>iacere</span> <span class='ocrx_word' id='word_1_249' title='bbox 851 2851 907 2892; x_wconf 89' lang='lat' dir='ltr'>non</span> <span class='ocrx_word' id='word_1_250' title='bbox 921 2842 1070 2909; x_wconf 88' lang='lat' dir='ltr'>possuntt</span> 
     </span>
     <span class='ocr_line' id='line_1_31' title="bbox 70 2918 1039 2995; baseline 0.001 -21"><span class='ocrx_word' id='word_1_251' title='bbox 70 2920 235 2994; x_wconf 88' lang='lat' dir='ltr'>impuberes,</span> <span class='ocrx_word' id='word_1_252' title='bbox 252 2922 314 2995; x_wconf 90' lang='lat' dir='ltr'>quia</span> <span class='ocrx_word' id='word_1_253' title='bbox 325 2921 431 2978; x_wconf 91' lang='lat' dir='ltr'>nullum</span> <span class='ocrx_word' id='word_1_254' title='bbox 442 2937 537 2978; x_wconf 93' lang='lat' dir='ltr'>eorum</span> <span class='ocrx_word' id='word_1_255' title='bbox 548 2923 628 2978; x_wconf 89' lang='lat' dir='ltr'>animi</span> <span class='ocrx_word' id='word_1_256' title='bbox 643 2920 771 2978; x_wconf 90' lang='lat' dir='ltr'>iudicium</span> <span class='ocrx_word' id='word_1_257' title='bbox 781 2928 836 2984; x_wconf 62' lang='lat' dir='ltr'>esu</span> <span class='ocrx_word' id='word_1_258' title='bbox 852 2921 918 2977; x_wconf 87' lang='lat' dir='ltr'>item</span> <span class='ocrx_word' id='word_1_259' title='bbox 932 2918 1039 2991; x_wconf 79' lang='lat' dir='ltr'>furiosi,</span> 
     </span>
     <span class='ocr_line' id='line_1_32' title="bbox 71 3004 1040 3080; baseline 0.001 -20"><span class='ocrx_word' id='word_1_260' title='bbox 71 3007 133 3077; x_wconf 91' lang='lat' dir='ltr'>quia</span> <span class='ocrx_word' id='word_1_261' title='bbox 153 3012 246 3062; x_wconf 88' lang='lat' dir='ltr'>mente</span> <span class='ocrx_word' id='word_1_262' title='bbox 265 3014 367 3064; x_wconf 82' lang='lat' dir='ltr'>carent.</span> <span class='ocrx_word' id='word_1_263' title='bbox 401 3023 453 3064; x_wconf 86' lang='lat' dir='ltr'>uec</span> <span class='ocrx_word' id='word_1_264' title='bbox 474 3007 507 3062; x_wconf 86' lang='lat' dir='ltr'>ad</span> <span class='ocrx_word' id='word_1_265' title='bbox 528 3023 587 3062; x_wconf 91' lang='lat' dir='ltr'>rem</span> <span class='ocrx_word' id='word_1_266' title='bbox 607 3007 741 3080; x_wconf 86' lang='lat' dir='ltr'>pertinet,</span> <span class='ocrx_word' id='word_1_267' title='bbox 763 3007 787 3061; x_wconf 91' lang='lat' dir='ltr'>si</span> <span class='ocrx_word' id='word_1_268' title='bbox 805 3004 929 3080; x_wconf 90' lang='lat' dir='ltr'>impubes</span> <span class='ocrx_word' id='word_1_269' title='bbox 943 3013 1040 3079; x_wconf 90' lang='lat' dir='ltr'>postea</span> 
     </span>
     <span class='ocr_line' id='line_1_33' title="bbox 70 3089 1040 3166; baseline 0.001 -21"><span class='ocrx_word' id='word_1_270' title='bbox 70 3089 157 3162; x_wconf 88' lang='lat' dir='ltr'>pubes</span> <span class='ocrx_word' id='word_1_271' title='bbox 172 3089 259 3146; x_wconf 86' lang='lat' dir='ltr'>iactus</span> <span class='ocrx_word' id='word_1_272' title='bbox 280 3099 327 3148; x_wconf 90' lang='lat' dir='ltr'>ant</span> <span class='ocrx_word' id='word_1_273' title='bbox 348 3091 469 3148; x_wconf 78' lang='lat' dir='ltr'>furiosus</span> <span class='ocrx_word' id='word_1_274' title='bbox 490 3098 586 3166; x_wconf 90' lang='lat' dir='ltr'>postea</span> <span class='ocrx_word' id='word_1_275' title='bbox 607 3107 719 3165; x_wconf 89' lang='lat' dir='ltr'>compos</span> <span class='ocrx_word' id='word_1_276' title='bbox 741 3091 838 3146; x_wconf 89' lang='lat' dir='ltr'>mentis</span> <span class='ocrx_word' id='word_1_277' title='bbox 855 3090 941 3147; x_wconf 88' lang='lat' dir='ltr'>iaetus</span> <span class='ocrx_word' id='word_1_278' title='bbox 957 3089 1040 3147; x_wconf 88' lang='lat' dir='ltr'>inerit</span> 
     </span>
     <span class='ocr_line' id='line_1_34' title="bbox 70 3174 1039 3256; baseline 0.001 -28"><span class='ocrx_word' id='word_1_279' title='bbox 70 3182 97 3228; x_wconf 90' lang='lat' dir='ltr'>et</span> <span class='ocrx_word' id='word_1_280' title='bbox 117 3174 282 3256; x_wconf 77' lang='lat' dir='ltr'>decesserit.</span> <span class='ocrx_word' id='word_1_281' title='bbox 308 3177 405 3234; x_wconf 81' lang='lat' dir='ltr'>furiosi</span> <span class='ocrx_word' id='word_1_282' title='bbox 426 3184 516 3233; x_wconf 91' lang='lat' dir='ltr'>autem</span> <span class='ocrx_word' id='word_1_283' title='bbox 536 3177 559 3232; x_wconf 93' lang='lat' dir='ltr'>si</span> <span class='ocrx_word' id='word_1_284' title='bbox 579 3175 676 3250; x_wconf 92' lang='lat' dir='ltr'>perid</span> <span class='ocrx_word' id='word_1_285' title='bbox 698 3184 805 3250; x_wconf 90' lang='lat' dir='ltr'>tempus</span> <span class='ocrx_word' id='word_1_286' title='bbox 826 3174 941 3232; x_wconf 88' lang='lat' dir='ltr'>iecerint</span> <span class='ocrx_word' id='word_1_287' title='bbox 956 3182 1039 3230; x_wconf 90' lang='lat' dir='ltr'>testa·</span> 
     </span>
    </p>
   </div>
   <div class='ocr_carea' id='block_1_4' title="bbox 70 3305 275 3315">
    <p class='ocr_par' dir='ltr' id='par_1_4' title="bbox 70 3305 275 3315">
     <span class='ocr_line' id='line_1_35' title="bbox 70 3305 275 3315; baseline 0.01 -3"><span class='ocrx_word' id='word_1_288' title='bbox 70 3305 275 3315; x_wconf 54' lang='grc' dir='ltr'>ψ</span> 
     </span>
    </p>
   </div>
   <div class='ocr_carea' id='block_1_5' title="bbox 70 3373 1038 3594">
    <p class='ocr_par' dir='ltr' id='par_1_5' title="bbox 70 3373 1038 3594">
     <span class='ocr_line' id='line_1_36' title="bbox 140 3373 1038 3459; baseline 0.009 -19"><span class='ocrx_word' id='word_1_289' title='bbox 140 3388 162 3452; x_wconf 87' lang='lat'>¹)</span> <span class='ocrx_word' id='word_1_290' title='bbox 180 3393 226 3456; x_wconf 87' lang='lat' dir='ltr'>qui</span> <span class='ocrx_word' id='word_1_291' title='bbox 307 3393 415 3459; x_wconf 84' lang='lat' dir='ltr'>possint</span> <span class='ocrx_word' id='word_1_292' title='bbox 431 3373 535 3456; x_wconf 46' lang='lat' dir='ltr'>seres?</span> <span class='ocrx_word' id='word_1_293' title='bbox 548 3393 580 3445; x_wconf 89' lang='lat' dir='ltr'>L.</span> <span class='ocrx_word' id='word_1_294' title='bbox 600 3392 674 3456; x_wconf 76' lang='lat' dir='ltr'>dpr.</span> <span class='ocrx_word' id='word_1_295' title='bbox 692 3393 726 3443; x_wconf 86' lang='lat' dir='ltr'>D.</span> <span class='ocrx_word' id='word_1_296' title='bbox 745 3394 789 3458; x_wconf 77' lang='lat' dir='ltr'>qua·</span> <span class='ocrx_word' id='word_1_297' title='bbox 805 3397 862 3442; x_wconf 86' lang='lat' dir='ltr'>test.</span> <span class='ocrx_word' id='word_1_298' title='bbox 878 3390 933 3452; x_wconf 80' lang='lat' dir='ltr'>sac.</span> <span class='ocrx_word' id='word_1_299' title='bbox 947 3384 998 3452; x_wconf 77' lang='lat'>(28,</span> <span class='ocrx_word' id='word_1_300' title='bbox 1014 3384 1038 3447; x_wconf 74' lang='lat'>1)</span> 
     </span>
     <span class='ocr_line' id='line_1_37' title="bbox 70 3451 1037 3526; baseline -0.001 -21"><span class='ocrx_word' id='word_1_301' title='bbox 70 3471 107 3506; x_wconf 73' lang='lat' dir='ltr'>em</span> <span class='ocrx_word' id='word_1_302' title='bbox 127 3457 187 3508; x_wconf 78' lang='lat' dir='ltr'>Gaii</span> <span class='ocrx_word' id='word_1_303' title='bbox 202 3461 219 3513; x_wconf 93' lang='lat' dir='ltr'>l.</span> <span class='ocrx_word' id='word_1_304' title='bbox 238 3461 269 3512; x_wconf 76' lang='lat'>17</span> <span class='ocrx_word' id='word_1_305' title='bbox 288 3463 324 3511; x_wconf 87' lang='lat' dir='ltr'>ad</span> <span class='ocrx_word' id='word_1_306' title='bbox 340 3463 383 3516; x_wconf 85' lang='lat' dir='ltr'>ed.</span> <span class='ocrx_word' id='word_1_307' title='bbox 399 3477 475 3526; x_wconf 83' lang='lat' dir='ltr'>pror.</span> <span class='ocrx_word' id='word_1_308' title='bbox 536 3459 556 3523; x_wconf 78' lang='lat'>²)</span> <span class='ocrx_word' id='word_1_309' title='bbox 576 3463 602 3511; x_wconf 83' lang='lat' dir='ltr'>in</span> <span class='ocrx_word' id='word_1_310' title='bbox 619 3463 673 3511; x_wconf 85' lang='lat' dir='ltr'>titt.</span> <span class='ocrx_word' id='word_1_311' title='bbox 691 3460 720 3510; x_wconf 81' lang='lat' dir='ltr'>G.</span> <span class='ocrx_word' id='word_1_312' title='bbox 738 3461 770 3510; x_wconf 84' lang='lat' dir='ltr'>de</span> <span class='ocrx_word' id='word_1_313' title='bbox 788 3451 1037 3518; x_wconf 63' lang='lat' dir='ltr'>lamentantem)</span> 
     </span>
     <span class='ocr_line' id='line_1_38' title="bbox 71 3524 475 3594; baseline 0.017 -21"><span class='ocrx_word' id='word_1_314' title='bbox 71 3525 104 3574; x_wconf 83' lang='lat' dir='ltr'>de</span> <span class='ocrx_word' id='word_1_315' title='bbox 123 3524 204 3588; x_wconf 80' lang='lat' dir='ltr'>bonis,</span> <span class='ocrx_word' id='word_1_316' title='bbox 224 3544 288 3594; x_wconf 83' lang='lat' dir='ltr'>qnae</span> <span class='ocrx_word' id='word_1_317' title='bbox 307 3529 349 3578; x_wconf 85' lang='lat' dir='ltr'>lib.</span> <span class='ocrx_word' id='word_1_318' title='bbox 368 3529 402 3592; x_wconf 84' lang='lat' dir='ltr'>(d,</span> <span class='ocrx_word' id='word_1_319' title='bbox 422 3527 475 3591; x_wconf 82' lang='lat'>61).</span> 
     </span>
    </p>
   </div>
   <div class='ocr_carea' id='block_1_6' title="bbox 104 3611 884 3668">
    <p class='ocr_par' dir='ltr' id='par_1_6' title="bbox 104 3611 884 3668">
     <span class='ocr_line' id='line_1_39' title="bbox 104 3611 884 3668; baseline 0.012 -9"><span class='ocrx_word' id='word_1_320' title='bbox 104 3623 267 3662; x_wconf 81' lang='lat' dir='ltr'>1vsrrn1snr</span> <span class='ocrx_word' id='word_1_321' title='bbox 286 3627 514 3666; x_wconf 79' lang='lat' dir='ltr'>rnsrrrvmonns.</span> <span class='ocrx_word' id='word_1_322' title='bbox 866 3611 884 3668; x_wconf 81' lang='lat'><strong>5</strong></span> 
     </span>
    </p>
   </div>
   <div class='ocr_carea' id='block_1_7' title="bbox 0 0 1246 3916">
    <p class='ocr_par' dir='ltr' id='par_1_7' title="bbox 0 0 1246 3916">
     <span class='ocr_line' id='line_1_40' title="bbox 0 0 1246 3916; baseline 0 0"><span class='ocrx_word' id='word_1_323' title='bbox 0 0 1246 3916; x_wconf 95' lang='lat' dir='ltr'> </span> 
     </span>
    </p>
   </div>
  </div>
 </body>
</html>
