2486 3916
434 221 470 255 on
489 221 657 256 usornocro
675 207 711 270 11,
731 209 756 258 4.
1035 207 1076 272 47

173 361 238 417 ldeo
259 370 349 417 autem
370 361 420 418 hae
443 363 588 418 servitutes
608 363 781 436 praediorum
803 363 988 438 appellantur,
1010 383 1077 438 quo·
1096 377 1111 424 3

103 447 179 502 niam
201 447 259 500 sine
280 445 396 519 praediis
413 448 544 502 constitui
564 463 619 502 non
640 456 766 520 possunt.
804 465 883 504 nemo
900 450 970 504 enim
985 457 1078 522 potest

104 531 267 586 servitutem
282 529 423 603 adquirere
439 529 534 586 urbani
553 530 595 586 vel
615 533 710 587 rustici
730 533 847 606 praedii,
868 534 920 588 uisi
936 535 983 606 qui
997 532 1078 588 habet

102 613 262 688 praedium,
278 631 328 669 nec
344 615 486 687 quisquam
502 614 615 686 debere,
637 617 689 672 nisi
706 618 752 688 qui
767 615 848 672 habet
862 617 1010 690 praedium.
1049 617 1077 673 Si
1094 618 1112 666 4

105 700 168 772 quis
186 699 250 754 velit
276 699 365 754 vicino
393 698 503 772 aliquod
529 701 572 755 ius
598 702 782 772 constituere,
803 700 974 774 pactionibus
994 699 1077 774 atque

104 781 329 856 stipulationibus
345 781 372 838 id
388 781 496 839 efficere
511 783 601 840 debet.
642 777 758 859 1potest
773 785 853 840 etiam
867 787 896 840 in
911 792 1075 842 testamento

105 869 169 940 quis
185 865 313 922 heredem
329 884 408 922 suum
424 867 564 940 damnare,
580 886 614 924 ne
626 869 708 925 altius
723 861 822 925 aedes²
837 868 932 940 tollat,
948 887 982 924 ne
997 869 1076 924 lumi-

107 951 190 1006 nibus
217 951 324 1006 aedium
351 953 429 1008 vicini
455 951 570 1008 officiat:
597 954 640 1009 vel
665 961 696 1008 ut
717 956 834 1028 patiatur
849 970 911 1009 eum
926 955 1032 1028 tignum
1048 955 1076 1008 in

104 1037 238 1109 parictem
253 1037 397 1092 immittere
410 1025 454 1092 uel
470 1037 635 1093 stillicidium
650 1037 763 1094 habere:
780 1037 822 1094 vel
838 1045 868 1094 ut
882 1039 999 1111 patiatur
1014 1053 1075 1092 eum

104 1136 156 1194 per
171 1119 285 1176 fundum
300 1121 351 1192 ire,
367 1137 448 1194 agere
463 1138 592 1196 aquamve
608 1139 640 1178 ex
655 1139 688 1178 eo
704 1123 814 1179 ducere.

504 1359 508 1365 ,
542 1319 598 1360 rm.
612 1319 651 1360 1v.

442 1423 492 1471 DE
511 1421 742 1473 USUFRUOTU.

186 1535 383 1599 ³Ususfructus
415 1551 458 1599 est
481 1545 524 1600 ius
551 1544 643 1599 alienis
669 1541 750 1598 rebus
773 1543 975 1600 utendifruendi
1003 1544 1074 1600 salva
1092 1557 1127 1597 1²1.

106 1644 200 1684 rerum
216 1627 374 1684 substantia.
413 1636 455 1684 est
481 1630 550 1684 enim
576 1631 618 1683 ius
643 1629 672 1684 in
693 1644 823 1702 corpore:
850 1646 904 1702 quo
926 1627 1032 1685 sublato
1050 1637 1077 1684 et

106 1714 198 1786 ipsum
215 1711 275 1768 tolli
297 1729 409 1768 necesse
431 1720 482 1769 est.
520 1712 726 1772 Ususiructusa
746 1715 913 1788 proprietate
928 1715 1109 1787 separatio-1

106 1813 169 1852 nem
184 1797 290 1876 'recipit
314 1797 396 1871 idque
421 1793 565 1872 pluribus⁴
590 1797 675 1854 modis
697 1798 801 1854 accidit.
839 1806 871 1854 ut
891 1815 953 1855 ecce
972 1800 996 1854 si
1017 1801 1076 1872 quis

106 1881 187 1937 alicui
211 1881 411 1938 usumfructum
431 1882 578 1956 legaverit3
608 1899 670 1938 nam
691 1883 769 1939 heres
790 1883 890 1938 nudam
911 1883 993 1939 habet
1013 1900 1077 1956 pro·

105 1969 268 2040 prietatem,
283 1965 429 2040 legatarius
446 1967 658 2023 usumfructmn:
681 1974 709 2022 et
724 1970 857 2023 contrasi
871 1967 986 2022 fundum
1002 1967 1077 2041 lega·

107 2053 181 2108 verit
193 2049 311 2106 deducto
328 2051 482 2123 usufructu,
498 2051 644 2126 legatarius
660 2051 759 2106 nudam
775 2051 856 2106 habet
871 2053 1076 2123 proprietatem,

108 2137 188 2192 heres
205 2152 269 2191 vcro
287 2135 499 2192 usumfructum:
525 2138 589 2191 item
605 2135 650 2190 alii
665 2135 881 2203 usumfructum,
897 2135 941 2189 alii
957 2132 1075 2189 deducto

109 2237 141 2278 eo
157 2219 272 2276 fundum
288 2219 379 2294 legare
393 2228 496 2294 potest.
536 2215 614 2276 ⁵sine
635 2227 799 2274 testamento
814 2235 878 2274 vero
895 2220 918 2272 si
935 2218 996 2290 quis
1012 2217 1076 2272 velit

109 2305 153 2360 alii
168 2303 369 2360 usumfructum
384 2306 568 2376 constituere,
584 2301 752 2378 pactionibus
769 2311 797 2360 et
812 2301 1033 2376 stipulationibus
1049 2302 1077 2358 id

108 2387 220 2445 efficere
241 2387 331 2444 debet.
375 2407 409 2445 ne
432 2391 568 2445 tamenin
590 2391 745 2444 universum
766 2387 877 2444 inutiles
899 2396 991 2443 esseut
1013 2405 1077 2461 pro-

108 2476 239 2547 prietates
260 2490 368 2546 semper
383 2473 543 2530 abscedente
565 2473 725 2544 usufructu,
750 2473 866 2548 placuit,
888 2473 969 2528 certis
988 2473 1076 2529 modis

108 2559 232 2633 extingui
247 2557 447 2614 usumfructum
464 2565 491 2613 et
506 2559 538 2614 ad
552 2560 747 2632 proprietatem
762 2559 871 2614 reverti.
895 2555 1078 2613 Constituitur
1095 2565 1110 2614 2

110 2653 199 2699 autem
226 2643 400 2700 ususfructus
426 2660 482 2698 non
509 2651 614 2699 tantum
634 2644 663 2698 in
686 2641 771 2698 fundo
794 2651 822 2698 ct
837 2641 961 2713 aedibus,
983 2658 1077 2696 verum

109 2729 188 2783 etiam
204 2729 232 2782 in
247 2729 332 2782 servis
348 2736 376 2784 ct
390 2729 517 2784 iumentis
529 2729 683 2802 ceterisque
698 2727 791 2798 rebus,
807 2727 926 2800 exceptis
938 2726 991 2796 his,
1008 2742 1077 2798 quae

109 2813 169 2885 ipso
186 2829 238 2868 usu
253 2821 466 2868 consumuntur:
492 2829 553 2868 nam
568 2829 615 2868 eae
630 2828 720 2886 neque
735 2810 851 2868 naturali
866 2811 970 2866 ratione
986 2825 1076 2884 neque

112 2976 313 2985 -———

178 3095 197 3160 ¹)
214 3097 274 3160 fere
292 3117 325 3136 =
344 3097 375 3146 L.
397 3098 438 3146 16.
457 3097 499 3160 D.
511 3112 595 3147 comm.
614 3096 705 3159 praed.
724 3093 758 3157 (8,
775 3093 802 3156 4)
822 3111 857 3146 eac
876 3095 935 3146 Gaii
951 3098 968 3145 l.
988 3097 1003 3144 2
1021 3111 1075 3146 rer.

110 3171 177 3230 quot.
248 3163 268 3226 ²)
291 3164 402 3228 Tdeopd.
422 3171 447 3214 et
458 3165 576 3229 plerique
588 3165 665 3214 codd.
684 3161 769 3212 attius
783 3161 867 3213 aedes
886 3177 951 3213 suas
969 3179 1005 3214 em
1017 3165 1077 3213 otiis

110 3241 135 3282 et
151 3234 212 3296 Dip.
231 3233 271 3284 ed.
290 3231 364 3282 Scdr.
385 3232 469 3282 aliiue
488 3247 522 3282 ecc
542 3231 602 3280 Bra
620 3233 660 3282 ed.
678 3229 728 3280 Kr.
815 3229 836 3292 ³)
854 3251 887 3272 =
905 3230 939 3280 L.
959 3233 980 3278 1.
1000 3232 1023 3280 2.
1041 3230 1076 3282 D.

110 3301 141 3350 de
158 3300 250 3363 usufr.
269 3299 303 3363 (t,
325 3298 348 3362 1)
371 3315 406 3350 ear
423 3299 509 3349 Paulli
525 3301 576 3352 ta
603 3301 639 3349 ad
659 3299 744 3350 Vitett.
772 3305 798 3348 et
815 3298 884 3348 Oelsf
909 3300 926 3346 l.
946 3298 988 3346 18.
1016 3297 1075 3360 Dry.

15 3407 16 3410 η
96 3365 130 3428 ’4)
147 3369 186 3417 sic
211 3367 289 3431 infer.
316 3368 391 3418 codd.
418 3375 444 3416 et
460 3367 494 3419 L.
513 3369 529 3417 6
543 3383 588 3431 pr.
613 3367 648 3417 D.
677 3368 709 3416 de
735 3367 818 3427 ueusr.
845 3361 929 3429 (7,1)
955 3361 1076 3420 πολλοῖς

112 3435 223 3500 ΤΙιεορΙι.
243 3435 370 3500 plurimis
388 3434 441 3484 BT
456 3436 498 3487 ed.
517 3434 567 3485 Kr.
655 3430 675 3498 ὓ)
694 3435 718 3494 ἓ.
737 3435 751 3482 1
770 3433 827 3482 dinc
850 3439 875 3482 et
892 3431 916 3492 ξ,
935 3431 951 3478 2
968 3432 1024 3484 init.
1043 3451 1077 3470 =

109 3503 142 3552 L.
162 3505 177 3554 3
195 3519 238 3567 pr.
257 3503 280 3564 ξ.
299 3504 324 3552 2.
342 3502 377 3555 D.
397 3504 429 3553 de
446 3503 528 3565 osofr.
548 3499 582 3566 (7,
602 3501 626 3564 1)
645 3517 680 3550 ea:
701 3501 758 3550 dati
779 3503 795 3548 t.
815 3502 830 3548 2
848 3514 902 3550 rer.
921 3503 989 3562 quot.
