2464 3916
412 204 448 237 nn
468 202 639 238 norronrnus
657 187 703 246 lV,
722 188 746 235 6.
944 263 947 266 ¹
993 183 1066 250 Ι169

165 343 286 400 Omnium
302 345 452 415 actionum,
469 344 566 418 quibus
582 345 654 400 inter
669 343 774 416 aliquos
790 343 860 417 apud
881 343 983 400 iudices
998 343 1067 400 arlri·
1086 355 1100 402 1

94 437 192 484 trosre
207 429 240 484 (le
256 446 306 502 qua
322 423 368 484 rc¹
387 430 540 502 quaeritur,
562 445 665 484 summa
681 428 776 484 ‹lirisic
792 430 819 484 in
834 428 889 484 cluo
906 445 1005 502 genera
1020 429 1067 485 tle·

100 513 219 568 ducitur:
239 520 284 568 aut
305 514 375 569 enim
395 516 422 570 in
438 530 494 570 rem
510 522 575 569 sunt
590 522 636 568 aut
651 514 678 568 in
694 529 847 586 personam,
881 530 997 587 namque
1011 515 1068 587 agit

102 599 286 670 unusquisque
301 606 346 654 aut
361 615 421 653 oum
437 615 486 671 co,
503 597 549 672 qul
566 599 589 652 ei
605 597 742 670 obligatus
758 606 800 653 est
821 598 863 652 vel
879 614 911 664 ex
927 606 1068 654 contractu
1150 601 1154 616 ’

99 682 142 738 rel
156 699 188 737 cx
204 681 348 754 maleficio,
364 699 419 756 quo
435 699 498 738 casu
513 682 636 756 proditae
652 681 772 738 actiones
792 684 819 737 in
835 699 976 755 personam
993 691 1068 750 sunt,

98 783 148 840 per
163 783 229 840 quas
244 767 372 838 intendit,
387 767 567 824 adversarium
582 769 607 822 ei
622 766 685 822 (lare
701 760 809 822 lacere²
824 775 953 840 oportere
967 776 995 823 et
1009 767 1068 822 aliis

85 849 258 924 ,quibusdam
273 851 374 906 modis:
390 860 436 907 ant
451 869 511 928 cum
527 869 560 910 co
576 853 650 925 agit,
665 853 710 924 qui
726 851 802 907 nullo
817 853 876 906 iure
892 853 917 908 ei
933 850 1069 924 obligatus

99 937 152 1004 est,
167 943 258 990 movet
273 944 359 993 tamen
374 936 454 992 alicui
473 937 507 994 do
522 937 609 1009 aliqua
631 953 661 992 re
677 938 897 994 controversiam.
930 952 984 1008 quo
1005 953 1069 991 cusu

98 1019 221 1092 proelitae
236 1021 354 1076 actiones
370 1022 397 1075 in
412 1039 467 1076 rem
484 1030 557 1076 sunt.
589 1021 672 1076 veluti
687 1023 709 1076 si
726 1038 782 1076 rcm
797 1020 965 1094 corporalem
982 1022 1069 1094 possi·

100 1104 161 1160 deat
177 1107 248 1177 quis,
265 1121 343 1177 quam
360 1105 445 1161 Titius
461 1123 536 1160 suam
553 1122 613 1160 esse
629 1104 760 1172 affirmet,
782 1114 809 1160 et
824 1122 968 1178 possessor
983 1105 1069 1160 domi·

100 1205 163 1244 num
179 1193 282 1244 se‘esse
298 1189 382 1244 dicat:
404 1207 464 1246 nam
486 1192 509 1245 si
525 1191 610 1244 'litius
631 1206 706 1244 suam
723 1206 782 1244 csse
803 1190 940 1260 intemlat,
963 1191 1069 1244 in'rcm

102 1265 171 1327 actio
192 1281 241 1330 est.
278 1275 369 1346 Aeque
390 1277 414 1329 si
434 1282 512 1348 agat,
531 1276 574 1330 ius
594 1274 644 1330 sibi
665 1291 786 1344 essere,
807 1265 912 1328 tunt0³
934 1274 1007 1329 sorte
1028 1273 1102 1328 velt

14 1415 15 1428 ,
103 1356 225 1427 aetlilrus,
252 1358 452 1414 otenelilruentli
478 1359 521 1414 vel
541 1376 590 1432 pcr
610 1359 723 1414 lunrlum
749 1360 828 1413 vicini
849 1358 946 1429 eunrli,
972 1358 1069 1432 agendi

14 1503 15 1508 ἵ
101 1440 142 1496 rel
158 1457 189 1496 ex
201 1437 288 1497 lunrlo
302 1443 384 1498 -vicini
397 1460 493 1516 aquam
509 1443 639 1505 docendi,
661 1445 689 1498 in
709 1433 766 1498 rem
782 1444 851 1498 actio
868 1451 918 1498 est.
949 1441 1069 1497 eiusdem

98 1528 207 1598 generis
223 1535 264 1582 est
278 1528 347 1582 actio
362 1522 395 1583 ite
410 1530 468 1584 iure
483 1528 654 1601 praediorum
672 1527 844 1598 urbanorum,
859 1527 942 1582 veluti
959 1529 982 1581 si
997 1534 1069 1598 agat,

97 1611 141 1664 ius
156 1610 206 1666 siti
221 1627 280 1666 esse
294 1612 374 1667 altius
390 1613 469 1667 aceles
484 1630 547 1667 suas
570 1612 685 1667 tollentll
701 1611 914 1685 prospicierrtlive
934 1611 977 1666 vel
999 1612 1071 1683 proi·

98 1693 187 1750 cienrli
203 1695 304 1768 aliqoirl
319 1697 360 1751 vel
374 1697 536 1752 immittendi
551 1697 578 1752 in
590 1698 670 1752 vicini
686 1697 775 1751 aceles.
803 1705 897 1752 contra
913 1711 1022 1769 quoque
1038 1694 1071 1749 rlc

13 1835 14 1838 ,
98 1778 243 1834 usulructu
259 1790 286 1834 et
300 1780 334 1836 tle
349 1781 524 1838 servitutibus
537 1782 709 1856 praediorum
724 1783 899 1853 rusticorum,
915 1783 980 1836 item
996 1795 1071 1853 prae·

97 1862 204 1918 diorum
221 1863 382 1920 nrlranorum
398 1868 509 1922 invicem
526 1860 655 1939 quoque⁴
670 1865 793 1940 proditae
808 1874 873 1922 sunt
888 1867 1025 1932 actiones,
1043 1871 1072 1918 ut

97 1948 160 2020 quis
181 1949 318 2019 intenrlut,
343 1951 385 2005 ius
407 1968 462 2006 non
484 1967 544 2005 esse
564 1951 720 2006 adversario
739 1950 958 2019 utcnrlilruenrli,
979 1949 1071 2018 eundi,

97 2031 198 2106 agendi
219 2050 347 2106 equomve
368 2034 499 2102 ducentii,
526 2035 590 2088 item
620 2033 700 2088 altius
728 2033 859 2103 tollenrli,
880 2032 1072 2105 prospiciendi,

96 2117 260 2189 proicienrli,
275 2119 450 2174 immittendi:
471 2120 539 2173 istae
554 2133 664 2190 quoque
680 2117 800 2172 actiones
814 2118 842 2170 iu
858 2132 913 2170 rem
929 2124 1008 2185 sunt,
1024 2116 1072 2170 set

96 2202 250 2274 negativae
274 2203 346 2275 quoel
359 2219 447 2277 genus
459 2203 573 2258 actionis
588 2203 615 2256 in
631 2201 824 2256 controversiis
840 2215 930 2254 rerum
946 2215 1073 2271 corpora·

96 2285 166 2339 lium
182 2286 319 2358 proditum
335 2305 389 2342 non
406 2296 462 2343 est:
484 2303 543 2342 nam
564 2287 592 2340 in
614 2287 656 2340 his
676 2287 699 2340 is
714 2285 788 2358 agit,
804 2285 850 2358 qni
866 2301 920 2338 iton
936 2283 1071 2358 possidet:

96 2369 124 2423 ei
140 2386 222 2440 vero,
244 2372 290 2443 qui
307 2372 444 2444 possidet,
468 2387 524 2426 non
540 2379 582 2426 est
597 2372 667 2427 actio
684 2369 805 2443 proelita,
821 2384 963 2442 perquam
980 2376 1073 2442 neget,

96 2469 158 2508 rem
173 2448 305 2510 alterius⁵
320 2472 388 2511 esse.
420 2472 483 2511 sane
500 2472 553 2510 ono
569 2472 633 2510 casu
655 2456 700 2527 qui
722 2453 858 2527 posslrlet,
879 2453 963 2508 nihilo
986 2455 1073 2507 minus

96 2540 200 2592 actoris
215 2548 305 2612 partes
321 2539 438 2603 obtinet,
459 2541 530 2596 sicut
544 2541 572 2595 in
588 2538 729 2594 latioribus
744 2538 914 2612 digestorum
934 2537 1010 2592 libris
1026 2553 1074 2609 op·

96 2625 245 2695 portunitas
259 2624 405 2698 apparebit.
669 2685 671 2688 ,
721 2614 724 2622 ’

165 2707 217 2784 Sed
233 2709 300 2764 istae
316 2708 424 2781 quirlem
444 2707 579 2773 actiones,
601 2723 715 2780 quarum
737 2708 902 2762 mentionem
924 2703 1108 2774 habuimus,3

98 2799 128 2847 et
144 2793 168 2847 si
183 2809 251 2865 quae
266 2802 331 2849 sunt
345 2793 462 2864 similes,
484 2809 517 2848 cx
532 2792 660 2866 legitimis
682 2800 710 2846 et
725 2790 846 2846 civilibus
861 2790 948 2844 causis
963 2787 1075 2843 ‹lescen-

102 2959 306 2966 .--.....-

173 3075 192 3136 ¹)
211 3091 266 3138 qua
284 3091 314 3124 re
332 3077 435 3137 scripsi.
454 3089 532 3132 τινος
553 3065 719 3138 πράγματος
745 3072 856 3136 Tlleoplt.
879 3086 986 3136 quaque
1006 3070 1074 3120 reC

100 3145 143 3192 erl.
166 3143 214 3193 It'r.
234 3157 290 3204 qua
310 3142 333 3190 B
353 3157 523 3206 quocumque
542 3157 571 3190 re
591 3143 614 3190 P
631 3143 670 3190 ed.
691 3139 764 3190 Srlrr.
851 3137 872 3199 ι)
895 3140 961 3187 dare
980 3139 1073 3186 facere

100 3211 127 3260 t*
149 3209 261 3273 Tlteopl
281 3217 306 3259 et
322 3213 439 3274 plerique
466 3209 543 3269 infer.
570 3211 645 3258 codd.
672 3210 713 3256 ed.
738 3207 811 3256 Srlrr.
839 3206 907 3255 dere
934 3214 984 3254 aut
1010 3205 1076 3252 dare

101 3279 199 3326 fecero
216 3275 266 3326 Bo
287 3279 327 3326 ed.
356 3277 422 3330 Kr.‚·
450 3291 592 3341 quanquam
618 3277 677 3338 ipsa
702 3289 732 3323 re
758 3280 839 3331 reete,
869 3282 950 3321 tamen
976 3287 1012 3320 ece
1036 3273 1075 3319 in-

103 3347 285 3408 terpolatione.
309 3344 343 3406 es.
363 3345 387 3404 §-
408 3347 446 3395 15.
526 3342 546 3404 3)
565 3358 609 3402 re,
630 3342 714 3390 fundo
731 3343 833 3404 sco-ipsi.
852 3339 885 3387 de
905 3338 989 3388 fundo
1007 3339 1077 3386 arrrelte'

103 3414 180 3463 codd.
201 3413 285 3460 fundo
303 3413 409 3470 caeteri,
429 3412 486 3464 edd.
531 3407 553 3471 4)
572 3413 654 3460 malim
673 3424 753 3472 quae.
807 3407 827 3468 ὁ)
847 3406 962 3456 alterius
974 3406 1074 3468 scripsi.

102 3477 191 3531 τοῦδε
213 3479 325 3542 Tlreoph.
353 3478 455 3528 actoris
473 3478 548 3527 codd.
568 3480 608 3529 ecl.
627 3477 677 3538 Kr.
698 3475 819 3525 auctoris
836 3476 877 3524 ed.
897 3472 971 3523 Scor.
