2486 3916
202 230 238 264 nu
257 195 392 265 cumcun
411 229 573 273 cucurrere
591 230 627 265 ur
645 231 840 270 nrrrnasurrt
858 217 894 280 ΙΙ,
916 221 954 269 19.
1026 215 1068 282 79

95 379 191 428 autem
206 370 240 426 de
256 379 351 444 quarta
365 371 496 443 diximus,
512 373 549 428 ita
563 371 778 446 intellegendum
790 381 856 445 est,
865 382 909 446 ut,
925 376 981 430 sive
996 391 1066 432 unus

93 456 182 512 luerit
197 457 254 511 sive
274 455 381 530 plures,
402 455 501 530 quibus
516 473 597 530 agere
611 457 645 512 de
659 456 813 520 inofficioso
825 465 989 516 testamento
1004 476 1067 533 per·

92 541 231 611 mittitur,
258 557 311 596 una
327 547 423 614 quarta
443 542 482 596 eis
497 541 553 597 dari
569 542 671 615 possit,
693 549 725 598 ut
739 557 789 616 pro
810 551 868 600 rata
889 543 1066 600 distribuatur

94 627 147 696 eis,
164 624 192 680 id
208 631 251 682 est
265 641 315 697 pro
331 624 400 681 virili
415 627 557 699 portione,
574 632 679 700 quarta.

515 821 573 862 TIT.
585 821 651 863 x1x.

166 925 216 973 DE
234 923 420 976 HEREDUM
439 924 649 988 QUALI'I'ATE
668 925 715 975 ET
734 925 998 977 DIFFERENTIA.

164 1041 174 1080 ¹
187 1045 307 1102 lleredes
322 1054 413 1102 autem
428 1054 475 1102 aut
495 1049 639 1103 necessarii
661 1047 789 1104 dicuntur
809 1055 856 1104 aut
870 1050 913 1105 sui
928 1057 956 1105 et
970 1066 1064 1106 ueces-
1081 1070 1116 1111 ra

93 1133 160 1188 sarii
175 1138 224 1186 aut
238 1133 368 1187 extranei.
406 1131 580 1188 Necessarius
605 1133 686 1188 heres
710 1139 753 1188 est
778 1149 872 1188 servus
893 1135 973 1190 heres
989 1135 1099 1192 insti-1

93 1222 189 1272 tutus:
220 1215 282 1272 ideo
298 1218 337 1271 sic
351 1215 517 1290 appellatur,
542 1219 620 1290 quia,
646 1218 702 1274 sive
717 1218 782 1274 velit
797 1218 852 1274 sive
868 1218 952 1292 nolit,
980 1221 1066 1276 onini-

93 1300 180 1356 modo
205 1309 270 1374 post
295 1307 411 1356 mortem
439 1303 577 1358 testatoris
603 1303 729 1374 protinus
755 1300 824 1357 liber
847 1309 876 1357 et
897 1305 1066 1359 necessarius

96 1387 180 1441 heres
195 1384 233 1441 lit.
271 1385 410 1458 undequi
432 1385 575 1442 facultates
595 1402 658 1441 suas
679 1393 819 1460 suspectas
839 1385 955 1458 habent,
977 1388 1067 1444 solent

96 1485 209 1526 servum
222 1484 301 1526 suum
325 1471 413 1542 primo
440 1477 487 1526 aut
511 1469 632 1526 secundo
659 1471 702 1526 vel
727 1472 808 1526 etiam
829 1471 959 1526 ulteriore
980 1471 1067 1544 gradu

94 1553 226 1611 heredem
239 1555 399 1625 instituere,
429 1561 475 1626 ut,
501 1556 524 1609 si
539 1554 718 1610 creditoribus
734 1556 798 1610 satis
813 1571 869 1610 nou
884 1553 946 1625 fiat,
972 1557 1066 1629 potius

95 1640 156 1695 eius
172 1638 279 1695 heredis
294 1637 365 1694 bona
381 1655 461 1712 quam
476 1640 559 1714 ipsius
580 1641 720 1696 testatoris
742 1655 757 1695 a
777 1637 958 1696 creditoribus
979 1641 1066 1714 possi·

94 1715 214 1780 deantur
238 1723 282 1778 vel
308 1722 493 1779 distrahantur
519 1723 560 1780 vel
585 1725 719 1781 intereos
745 1723 906 1780 dividantur.
947 1741 998 1799 pro
1013 1725 1067 1781 hoc

95 1817 189 1864 tamen
204 1807 376 1864 incommodo
392 1808 458 1864 illud
474 1809 499 1864 ei
514 1808 687 1864 commodum
701 1816 872 1883 praestatur,
895 1816 925 1865 ut
940 1826 981 1882 ea,
997 1825 1066 1884 quae
1104 1798 1108 1806 ’

95 1899 162 1967 post
176 1899 294 1948 mortem
308 1893 417 1966 patroni
431 1895 474 1948 sui
489 1892 538 1949 sibi
555 1893 730 1966 adquisierit,
751 1893 803 1968 ipsi
817 1901 1007 1950 reserventur:
1038 1901 1067 1950 et

97 1979 220 2052 quamvis
235 1981 291 2033 non
307 1975 443 2032 sufficiant
462 1977 533 2034 bona
553 1977 674 2034 defuncti
695 1978 892 2050 creditoribus,
912 1980 1012 2034 iterum
1033 1995 1066 2033 ex

97 2080 128 2118 oa
143 2078 224 2118 causa
249 2079 293 2117 res
313 2063 386 2133 eius,
414 2079 481 2136 quas
497 2061 548 2117 sibi
562 2062 738 2136 adquisierit,
765 2079 821 2118 non
844 2070 973 2121 veneunt.
1018 2061 1066 2117 Sui
1083 2074 1099 2122 2

97 2154 189 2202 autem
212 2154 240 2202 et
266 2147 409 2202 necessarii
434 2146 547 2202 heredes
573 2153 639 2202 sunt
661 2145 746 2201 veluti
771 2144 857 2216 filius,
885 2144 953 2216 lilia,
979 2162 1065 2218 nepos

96 2232 243 2306 neptisque
259 2247 291 2286 er
306 2229 362 2287 filio
378 2237 407 2286 et
422 2231 551 2304 deinceps
566 2231 649 2286 ceteri
663 2228 758 2301 liberi,
780 2230 827 2303 qui
846 2229 928 2286 modo
944 2231 973 2285 in
987 2236 1066 2303 pote-

98 2323 168 2372 state
195 2317 335 2372 morientis
361 2315 473 2373 suerint.
512 2315 560 2371 sed
585 2324 616 2371 ut
641 2331 727 2388 nepos
754 2315 877 2388 neptisve
893 2315 935 2370 sui
950 2313 1065 2370 heredes

96 2402 168 2472 sint,
184 2417 242 2457 non
256 2399 372 2472 sufficit,
393 2416 455 2456 eum
470 2415 561 2457 eamve
575 2401 604 2456 in
618 2406 756 2474 potestate
776 2401 817 2454 avi
832 2400 928 2456 mortis
943 2406 1067 2472 tempore

97 2485 200 2557 luisse,
216 2485 264 2542 sed
280 2501 349 2559 opus
365 2493 423 2557 est,
439 2493 470 2542 ut
483 2491 562 2560 pater
573 2486 632 2541 eius
646 2485 707 2540 vivo
719 2490 857 2559 patresuo
873 2484 986 2540 desierit
998 2501 1065 2540 suus

96 2571 178 2627 heres
203 2586 278 2641 esse,
305 2577 352 2626 aut
377 2577 466 2627 morte
491 2571 659 2644 interceptus
683 2577 730 2625 aut
751 2569 870 2643 qualibet
890 2568 940 2624 alia
960 2570 1065 2625 ratione

96 2654 228 2712 liberatus
242 2661 395 2728 potestate:
422 2661 487 2711 tunc
502 2655 574 2710 enim
589 2671 675 2728 nepos
695 2655 818 2728 neptisve
832 2655 860 2709 in
875 2653 966 2708 locum
981 2654 1065 2725 patris

97 2741 140 2796 sui
155 2739 286 2796 succedit.
324 2739 373 2796 sed
394 2741 436 2795 sui
452 2739 561 2814 quidem
576 2739 690 2795 heredes
710 2738 772 2794 ideo
793 2737 980 2812 appellantur,
1002 2737 1066 2808 quia

97 2825 240 2882 domestici
265 2824 380 2880 heredes
405 2832 472 2880 sunt
496 2832 524 2880 et
547 2823 607 2879 vivo
634 2839 745 2898 quoque
769 2830 848 2897 patre
863 2820 1064 2896 quodammodo

97 2909 199 2966 domini
214 2910 411 2966 existimantur.
449 2907 521 2966 unde
537 2909 633 2980 etiam,
655 2910 679 2964 si
700 2909 760 2982 quis
779 2909 925 2964 intestatus
940 2913 1065 2962 mortuus

96 2997 148 3066 sit,
165 2994 251 3069 prima
265 3011 346 3050 causa
361 3002 403 3052 est
417 2996 445 3050 iu
460 2994 633 3051 successione
653 2991 810 3050 liberorum.
841 2991 986 3048 necessarii
1001 3007 1065 3047 vero

94 3079 158 3136 ideo
175 3079 319 3152 dicuntur,
336 3081 399 3154 quia
414 3079 586 3150 omnimodo,
607 3080 663 3135 sive
677 3077 763 3134 velint
776 3078 833 3134 sive
848 3076 947 3149 nolint,
963 3084 1018 3132 tam
1033 3073 1065 3130 ah

94 3166 227 3222 intestato
243 3180 323 3240 quam
344 3181 377 3220 ex
398 3171 562 3222 testamento
582 3163 697 3220 heredes
714 3161 793 3219 fiunt.
831 3161 879 3220 sed
900 3163 942 3218 his
957 3167 1067 3235 praetor

93 3250 231 3324 permittit
246 3247 402 3308 volentibus
418 3248 554 3306 abstinere
574 3266 604 3305 se
625 3247 657 3304 ab
672 3247 840 3321 hereditate,
862 3255 894 3303 ut
913 3247 1005 3321 potius
1020 3259 1066 3316 pa·

94 3417 303 3426 ——a--n--an—-a

166 3517 186 3582 ¹)
202 3535 246 3584 rr·
266 3519 306 3581 it.
327 3520 407 3572 1...4
423 3518 482 3582 pre
499 3537 533 3558 =
553 3515 609 3568 cai.
627 3516 651 3574 c,
672 3513 828 3566 ummo.
