2464 3916
106 229 140 264 ne
160 227 342 278 usnemun,
363 228 437 271 quun
457 228 491 262 tu
512 227 668 266 rurseunro
687 215 939 276 uuruuunruulll,
955 218 977 266 1.
1012 213 1071 278 101

102 368 246 426 heredibus
261 368 412 425 hereditas:
428 385 478 448 nec
492 373 625 442 curatoris
641 386 776 426 consensu
791 369 942 442 adquiritur
957 371 1072 442 furioso,
1174 405 1183 414 -

102 454 149 509 sed
165 455 225 528 ipso
241 453 309 510 iure.
340 453 479 510 Interdum
495 464 600 527 autem,
616 455 681 512 licet
695 456 723 510 iu
739 462 876 528 potestate
892 449 987 512 mortis
1004 464 1071 512 tem·
1088 466 1106 512 4

101 555 168 612 pure
183 555 250 594 suus
273 539 352 594 heres
368 555 422 593 non
440 538 507 611 luit,
532 547 621 596 tamen
636 556 702 595 suus
723 539 802 594 heres
824 541 928 612 parenti
945 538 1073 610 efficitur,
1166 584 1167 587 η

102 622 185 678 veluti
207 621 282 678 siah
304 619 429 680 hostibus
450 625 509 696 quis
530 641 655 681 reversus
678 623 760 680 luerit
780 632 843 696 post
858 631 975 680 mortem
989 626 1072 698 patris

100 709 156 762 sui:
172 709 214 763 ius
230 710 301 763 enim
316 707 475 780 postliminii
491 709 543 764 hoc
558 709 630 765 iacit.
666 708 717 764 Per
732 709 897 764 contrarium
910 711 1012 781 evenit,
1028 717 1069 780 ut,
1088 709 1103 756 5

100 792 164 848 licet
185 793 245 867 quis
265 794 294 848 iu
315 792 412 850 lenulia
434 792 555 850 defuncti
569 794 606 848 sit
619 794 716 850 mortis
738 803 878 866 tempore,
901 800 990 848 tamen
1007 810 1073 848 suus

100 877 180 932 heres
202 893 258 932 nou
278 875 340 948 liat,
364 877 447 932 veluti
468 879 574 957 sipost
594 885 711 934 mortem
731 893 808 932 suam
836 885 913 950 pater
938 877 1073 934 iudicatus

100 961 184 1017 fuerit
206 977 269 1018 reus
296 961 491 1036 perduellionis
513 979 542 1018 ac
568 979 617 1036 per
642 963 694 1018 hoc
720 962 849 1018 memoria
869 963 926 1016 eius
953 961 1074 1017 damnata

1 1095 2 1100 ,
100 1045 198 1101 inerit:
220 1063 301 1102 suum
321 1047 393 1101 enirn
414 1045 539 1102 heredem
556 1045 654 1102 habere
669 1063 725 1102 uon
746 1053 854 1118 potest,
876 1061 937 1100 cum
953 1044 1033 1101 fiscus
1050 1048 1074 1100 ei

1 1149 18 1198 ῃ
101 1130 234 1186 succedit.
270 1130 318 1186 sed
339 1139 432 1203 potest
453 1130 521 1202 dici,
542 1132 601 1204 ipso
616 1133 676 1186 iure
692 1147 751 1186 esse
766 1145 846 1184 suum
861 1129 1004 1201 heredem,
1025 1131 1072 1186 sed

1 1249 2 1261 .
101 1213 236 1270 desinere.
284 1208 367 1271 ¹Cum
388 1212 459 1271 filius
480 1214 567 1272 filiove
582 1225 610 1271 et
625 1231 657 1270 es
673 1215 757 1270 ultore
779 1211 834 1269 lilio
850 1231 936 1288 nepos
952 1217 1074 1288 neptisve
1092 1227 1108 1276 o

103 1307 209 1370 extant,
229 1301 330 1373 pariter
352 1298 384 1354 ad
405 1300 581 1356 hereditatem
596 1301 728 1356 iocantur
742 1315 794 1354 nec
809 1300 855 1371 qui
876 1299 963 1372 gradu
981 1301 1074 1372 proxi·

103 1384 174 1438 mior
187 1391 243 1455 est,
266 1383 421 1440 ulteriorem
439 1383 571 1440 excludit:
592 1401 706 1456 aequum
725 1384 794 1439 enim
811 1399 872 1438 esse
886 1383 1006 1454 videtur,
1021 1401 1075 1439 vne-

1 1509 2 1512 .
99 1475 181 1540 potes
197 1477 348 1542 neptesque
363 1470 390 1524 in
405 1471 489 1542 patris
505 1469 548 1524 sui
563 1469 654 1524 locum
668 1467 823 1524 succedere.
854 1468 911 1540 pari
926 1469 1031 1523 ratione
1047 1475 1075 1522 et

99 1553 124 1607 si
140 1569 226 1626 nepos
248 1554 392 1626 neptisque
413 1555 449 1608 sit
476 1570 508 1608 eu
534 1550 590 1608 lilio
606 1561 634 1608 et
650 1569 682 1608 er
697 1560 798 1626 nepote
817 1567 955 1624 pronepos
976 1568 1075 1625 proue-

1 1663 2 1699 ;
98 1638 204 1710 ptisve,
226 1637 306 1692 simul
320 1645 459 1693 vocantur.
503 1646 530 1693 et
551 1639 612 1710 qnia
633 1637 750 1710 placuit,
771 1644 886 1709 nepotes
909 1644 1072 1710 neptesque,

97 1723 166 1776 item
182 1729 349 1795 pronepotes
365 1729 567 1796 proneptesqne
582 1723 609 1778 iu
626 1721 744 1795 parentis
755 1721 798 1776 sni
812 1721 901 1780 locum
917 1721 1073 1790 succedere,

99 1807 267 1862 conveniens
289 1823 349 1861 esse
364 1808 450 1862 visum
466 1817 524 1878 est,
540 1823 595 1861 uuu
611 1808 639 1862 iu
654 1807 755 1878 capita,
776 1805 825 1860 sed
840 1807 868 1860 in
883 1807 982 1878 stirpes
998 1807 1075 1861 here-

97 1889 212 1946 ditatem
228 1889 325 1962 dividi,
350 1899 379 1946 ut
400 1889 471 1946 iilius
493 1898 597 1965 partem
613 1889 747 1946 dimidiam
763 1889 920 1946 hereditatis
937 1889 1031 1945 habeat
1047 1898 1073 1944 et

97 1991 132 2029 ex
148 1974 236 2030 altero
253 1972 308 2030 lilio
325 1975 379 2031 duo
395 1975 522 2049 pluresve
538 1983 653 2048 nepotes
667 1975 777 2030 alterum
793 1974 936 2029 dimidiam.
972 1965 1037 2030 item
1053 1975 1075 2028 si

97 2076 131 2114 ex
147 2058 256 2114 duobus
272 2057 333 2114 filiis
348 2068 463 2134 nepotes
477 2068 570 2116 entant
585 2068 612 2115 et
627 2076 659 2114 ex
675 2059 760 2114 altero
774 2075 843 2112 uuus
859 2056 931 2114 forte
946 2065 993 2112 aut
1008 2057 1074 2127 duo,

99 2160 133 2198 cx
156 2143 243 2199 altero
266 2151 321 2199 tres
345 2151 391 2200 aut
413 2153 558 2218 quattuor,
581 2143 612 2199 nd
634 2159 717 2197 uuum
733 2149 779 2196 uut
794 2142 863 2196 duos
884 2141 992 2196 dimidia
1014 2157 1074 2214 pars

96 2229 236 2302 pertinet,
257 2228 288 2283 ad
311 2237 366 2285 tres
382 2230 423 2284 vel
444 2230 476 2284 ad
493 2236 624 2303 quattuor
640 2227 723 2282 ultera
739 2225 855 2281 dimidia.
901 2224 966 2280 Cum
982 2232 1071 2280 autem
1091 2241 1105 2288 τ

101 2314 260 2385 quaeritur,
276 2327 320 2368 ¹an
347 2316 407 2386 quis
433 2332 499 2370 suus
521 2315 600 2368 heres
622 2313 738 2368 existere
757 2317 863 2384 potest:
894 2327 926 2366 eo
952 2317 1075 2382 tempore

97 2395 287 2470 quaerendum
303 2406 359 2469 est,
382 2415 436 2471 quo
452 2407 556 2454 certum
571 2404 628 2468 est,
644 2395 760 2469 aliquem
776 2397 835 2450 sine
850 2402 1012 2450 testamento
1029 2394 1075 2448 de-

97 2483 231 2536 cessisse:
254 2482 328 2554 quod
349 2483 444 2538 accidit
464 2493 493 2540 et
508 2481 640 2538 destituto
659 2488 828 2536 testamento.
869 2481 918 2534 huc
933 2480 1039 2534 ratione
1053 2480 1076 2532 si

97 2565 173 2621 lilius
191 2567 373 2622 exheredatus
389 2567 472 2622 fuerit
487 2575 515 2623 et
531 2573 675 2622 extraneus
692 2565 771 2620 heres
787 2566 929 2620 institutus
944 2572 1002 2634 est,
1019 2560 1074 2617 filio

99 2658 214 2705 mortuo
241 2659 336 2724 postea
357 2659 461 2707 certum
481 2651 580 2722 inerit,
607 2649 735 2705 heredem
758 2650 914 2705 institutum
937 2665 969 2703 ex
995 2656 1076 2702 testa·

99 2743 197 2790 mento
213 2752 269 2790 uon
285 2733 343 2792 deri
364 2736 507 2807 heredem,
532 2745 578 2790 aut
599 2735 661 2807 quia
681 2733 770 2789 uoluit
784 2751 844 2790 esse
860 2735 938 2788 heres
953 2741 1000 2787 aut
1015 2733 1076 2804 quia

101 2834 162 2872 nou
185 2820 286 2891 putuit:
313 2836 398 2893 nepos
419 2837 468 2876 avo
484 2837 549 2875 suus
573 2819 652 2874 heres
668 2819 782 2890 existet,
804 2819 936 2891 quiaque
953 2823 1075 2890 tempore

101 2910 210 2958 certum
223 2911 280 2976 est,
296 2905 454 2960 intestatum
470 2904 619 2960 decessisse
634 2902 867 2977 patremfamilias,
883 2902 958 2957 solus
972 2902 1075 2956 iuveni-

95 2995 149 3041 tur
170 3003 262 3060 nepos.
301 2982 344 3064 [et
359 2989 412 3044 hoc
426 2997 531 3045 certum
546 2980 635 3064 est.]²
679 2986 712 3042 Et
733 2988 796 3043 licet
818 2995 882 3060 post
902 2994 1017 3042 mortem
1035 2987 1076 3040 avi
1093 2990 1109 3037 8

96 3079 184 3126 natus
199 3073 244 3143 sit,
261 3081 349 3128 tumen
365 3090 414 3130 avo
430 3075 489 3144 rivo
507 3081 667 3146 conceptus,
683 3081 792 3127 mortuo
809 3081 884 3145 patre
896 3073 954 3128 eius
969 3079 1077 3146 posten-

97 3205 306 3214 ῃ..-

176 3305 195 3368 ¹)
209 3308 267 3370 fere
287 3329 321 3349 --·
341 3306 396 3356 Gai.
417 3310 446 3364 3,
465 3307 489 3355 7.
509 3307 533 3357 8.
620 3302 641 3370 ²)
669 3310 698 3356 et
724 3305 777 3354 hoe
804 3309 908 3354 certum
933 3307 975 3354 est
993 3319 1077 3352 omnes

95 3373 179 3425 codd.
197 3382 221 3424 et
238 3379 297 3428 edd.
316 3376 365 3424 sed
381 3374 445 3422 haec
462 3373 540 3423 uerba
557 3375 621 3423 eatis
639 3376 732 3438 inepta
750 3381 774 3421 et
797 3372 936 3434 Theophilo
957 3373 1077 3434 ignorata

92 3443 225 3504 ,edessena
242 3445 359 3493 videntur
376 3443 500 3500 notantis,
528 3442 603 3490 etiam
628 3441 676 3490 hoc
705 3447 801 3490 certum
827 3455 896 3500 esse,
923 3445 981 3491 tnnc
998 3439 1077 3487 solum

95 3509 214 3558 inveniri
229 3517 352 3574 nepotem.
369 3525 430 3572 erqo
448 3511 546 3559 uncinis
563 3509 661 3559 inclusi.
