2464 3916
235 197 270 238 na
292 196 456 232 rnumnmbs
477 144 730 232 amputaverimus
749 181 799 244 ΙΙΙ,
820 183 850 234 te
869 181 932 248 (ab).
1013 180 1074 244 135

100 353 180 398 otro
202 353 326 398 cunnum
345 354 407 398 uon
427 353 602 410 arrianae,
626 353 710 396 anau
732 339 889 398 srounss?
915 355 983 413 pure
1004 339 1072 396 iacta

100 423 234 498 obligatio
250 423 418 497 intellegitur
438 423 554 497 ideoque
570 425 660 480 statim
676 431 769 496 petere
784 432 887 497 potest.
932 423 997 480 item
1012 441 1072 480 rer·
1091 423 1123 470 12

100 507 199 565 borum
216 507 345 582 obligatio
365 509 436 564 inter
452 507 576 566 absentes
592 515 722 582 concepta
742 508 845 564 inutilis
861 516 912 564 est.
948 507 996 564 sed
1011 521 1072 564 cum

101 593 155 648 hoc
171 593 307 660 materiam
328 592 414 650 litium
436 593 614 648 contentiosis
636 592 789 648 hominibus
811 591 979 666 praestabat,
1001 593 1073 650 lorte

99 685 167 752 post
188 685 294 752 tempus
310 677 376 734 tales
392 677 568 752 allegationes
585 675 784 752 opponentibus
801 685 828 732 et
843 695 897 734 non
914 685 1072 751 praesentes

98 778 164 817 esse
185 762 234 816 vel·
250 777 279 818 se
300 762 341 818 vel
361 761 528 820 adversarios
548 779 613 818 suos
635 760 874 822 contendentibus:
901 761 962 818 ideo
979 770 1071 820 nostra

97 839 281 904 constitutio¹
313 853 426 921 propter
446 845 611 907 celeritatem
642 846 849 904 dirimendarum
878 847 966 904 litium
987 849 1072 902 intro-

98 931 184 986 ducta
206 939 262 1002 est,
287 948 365 1004 quam
386 930 418 986 ad
441 924 646 988 caesarienses²
667 929 812 988 advocatos
833 932 1005 1005 scripsimus,
1023 948 1072 1004 per

98 1033 183 1089 quana
205 1015 403 1089 disposuimus,
425 1015 492 1072 tales
508 1017 672 1089 scripturas,
695 1032 762 1089 quae
782 1023 891 1090 praesto
906 1032 967 1072 esse
982 1023 1072 1090 partes

97 1099 239 1172 indicant,
255 1100 411 1156 omnimodo
427 1099 665 1172 essecredendas,
682 1101 733 1156 nisi
748 1101 821 1174 ipse,
843 1099 891 1174 qui
905 1099 1003 1156 talibus
1020 1101 1072 1156 uti-

100 1192 150 1241 tur
169 1183 298 1258 improbis
319 1184 542 1258 allegationibus,
563 1185 788 1243 manifestissimis
810 1183 1014 1259 probationibus
1024 1184 1072 1240 'vel

102 1271 330 1343 perscripturum
352 1268 394 1324 vel
420 1285 469 1342 per
491 1277 574 1325 testes
594 1270 708 1326 Monens
729 1269 931 1344 approbaverit,
958 1271 986 1326 in
1011 1271 1070 1342 ipso

105 1361 168 1410 toto
182 1353 232 1425 die,
249 1371 304 1427 qno
319 1351 512 1410 conficiebatur
526 1355 745 1426 instrumentum,
760 1371 822 1412 sese
834 1354 875 1408 vel
891 1353 1071 1410 adversarium

100 1455 183 1494 sunm
198 1440 224 1494 in
239 1437 297 1494 aliis
312 1438 379 1494 locis
394 1454 464 1494 esse.
495 1437 560 1494 Post
575 1448 690 1496 mortam
702 1455 778 1496 suam
790 1439 846 1496 dari
862 1437 912 1494 sibi
927 1454 1006 1494 nemo
1021 1439 1069 1492 sti·
1090 1441 1121 1490 13

99 1523 189 1596 pulani
203 1531 326 1596 poterat,
349 1539 403 1578 non
418 1523 503 1598 magis
520 1539 599 1596 quam
615 1531 678 1596 post
698 1525 756 1579 eius
771 1532 902 1594 mortem,
923 1539 938 1577 a
954 1537 1009 1594 qno
1024 1523 1071 1576 sti-

98 1606 255 1682 pulabatur.
286 1625 316 1664 ae
331 1624 365 1664 nc
380 1609 412 1678 is,
430 1609 476 1679 qui
490 1609 518 1664 iu
533 1607 646 1664 alicuius
661 1614 798 1682 potestate
810 1616 862 1680 est,
877 1615 940 1680 post
955 1614 1071 1662 mortem

98 1693 161 1748 cius
177 1693 300 1766 stipulari
321 1700 443 1766 poterut,
465 1693 528 1765 quia
548 1694 630 1766 patris
646 1693 688 1748 vel
704 1693 805 1752 domini
821 1709 885 1748 voce
907 1691 984 1765 loqui
999 1689 1070 1746 vide·

1 1760 2 1790 ³
99 1785 157 1832 tur.
202 1777 249 1832 sed
265 1785 292 1832 et
308 1778 330 1832 si
352 1777 470 1850 quisita
485 1777 646 1850 stipuletur,
668 1793 775 1836 rernm
791 1793 879 1843 onan
892 1773 1071 1838 monsterel

1 1909 2 1916 ,
98 1877 210 1920 rntntn
231 1879 317 1926 ouant
337 1876 487 1920 noemam
502 1862 597 1920 nant?
626 1861 729 1920 inutilis
752 1870 809 1918 erat
829 1861 978 1936 stipulatio.
1022 1859 1069 1914 sed

1 1946 2 1954 ’
98 1963 180 2021 cum,
203 1955 231 2001 ut
246 1947 298 2002 iam
313 1945 412 2002 dictum
434 1953 491 2018 est,
513 1963 545 2002 ex
565 1962 701 2004 consensu
721 1948 937 2004 contrahentium
959 1943 1070 2017 stipula·

98 2032 191 2086 tiones
209 2030 312 2100 valent,
330 2031 430 2104 placuit
445 2023 543 2086 nobis3
559 2031 639 2086 etiam
654 2032 682 2102 in
698 2031 769 2086 lanne
784 2032 850 2086 iuris
866 2029 1009 2086 articulum
1024 2043 1070 2082 ne-

29 2128 38 2152 ·
97 2117 247 2180 cessariam
261 2115 389 2172 inducere
410 2115 639 2184 emendationem,
661 2122 707 2184 ut,
723 2116 779 2178 sive
794 2123 857 2187 post
878 2121 993 2168 mortem
1013 2113 1070 2166 sive

99 2198 188 2274 pridie
205 2217 283 2274 quam
296 2201 428 2256 morietur
443 2200 589 2274 stipulator
604 2200 659 2254 sive
673 2200 840 2272 promissor,
855 2197 993 2272 stipulatio
1005 2211 1070 2250 cou-

98 2291 179 2358 cepta
195 2292 252 2354 cst,
274 2283 360 2340 valeat
380 2284 529 2358 stipulatio.
570 2284 636 2340 ltem
658 2285 680 2338 si
702 2284 762 2357 quis
783 2284 819 2338 ita
835 2282 981 2356 stipulatus
997 2285 1068 2334 erat:
1089 2295 1121 2344 14

99 2385 130 2428 st
145 2383 238 2426 naurs
254 2386 295 2426 nx
311 2385 382 2432 asta
397 2385 548 2440 vennam,
564 2384 663 2426 nomn
678 2383 762 2424 naen
778 2367 935 2426 saomnns‘i
965 2363 1068 2420 inutilis

98 2461 160 2510 erat
175 2453 331 2526 stipulatio,
355 2455 416 2528 qula
439 2463 614 2528 praepostere
630 2459 761 2526 concepta
780 2460 830 2508 est.
875 2451 923 2508 sed
938 2465 998 2507 cum
1014 2447 1068 2505 Leo

99 2537 217 2611 inclytae
237 2539 432 2594 recordationis
452 2541 479 2595 iu
501 2537 609 2594 dotibus
628 2537 739 2594 eandem
760 2537 977 2612 stipulationem,
1001 2549 1069 2608 quae

98 2631 278 2696 praepostera
292 2617 479 2696 nuncupatur,
502 2640 556 2678 non
573 2639 632 2678 esse
647 2621 808 2678 reiciendam
824 2621 999 2688 existimavit,
1021 2633 1070 2672 no·

99 2701 297 2780 bislplacuit,
320 2716 347 2762 et
368 2709 431 2764 huic
450 2707 601 2782 perlectum
622 2706 707 2762 robur
725 2705 941 2776 accommodare,
963 2710 993 2757 ut
1014 2717 1070 2756 non

97 2791 190 2848 solum
204 2792 232 2848 in
247 2791 372 2863 dotibus,
393 2791 441 2848 sed
457 2793 536 2848 etiam
551 2793 579 2847 in
595 2789 719 2846 omnibus
735 2791 820 2846 valeat
835 2786 988 2846 huiusmodi
1005 2801 1069 2841 con·

96 2877 191 2949 ceptio
212 2876 405 2950 stipulationis.
445 2876 483 2932 lta
505 2883 594 2932 autem
617 2883 746 2948 concepta
766 2873 922 2948 stipulatio,
943 2871 1027 2928 veluti
1047 2871 1069 2925 si
1090 2881 1121 2930 15

97 2961 187 3016 Titius
209 2961 279 3016 dieat
301 2978 364 3020 eun
383 2977 517 3032 nemun,
538 2975 621 3017 onan
638 2959 793 3017 spernus?
823 2958 864 3014 vel
881 2975 944 3017 cum
959 2971 1070 3014 noctu·

97 3059 167 3118 aas,
183 3054 211 3101 et
226 3045 296 3119 apud
311 3054 417 3102 veteres
434 3045 506 3102 utilis
523 3051 580 3100 erat
594 3051 622 3100 et
637 3060 709 3100 nunc
724 3043 802 3099 valet.
840 3043 905 3100 item
921 3050 984 3116 post
1000 3057 1069 3096 mor·
1090 3050 1121 3098 16

96 3139 155 3186 tem
176 3129 287 3186 alterins
309 3139 382 3187 recte
403 3129 573 3204 stipulamur.
612 3123 658 3184 ⁵Si
674 3129 804 3202 scriptum
821 3127 903 3184 luerit
919 3130 946 3184 in
967 3129 1069 3182 instru·
1091 3134 1120 3182 li

168 3345 187 3410 ¹)
206 3348 240 3398 L.
261 3349 301 3399 tt.
321 3345 348 3398 0.
367 3348 399 3398 de
425 3353 508 3398 contr.
537 3363 560 3396 u.
578 3360 662 3396 comm.
689 3339 979 3408 eripiendarum).
1048 3337 1069 3400 ²)

92 3417 136 3465 sic
162 3417 237 3465 codd.
267 3413 472 3466 caesareenses
499 3415 540 3465 eri.
567 3413 618 3462 Kr.
705 3410 727 3471 ³)
747 3412 778 3463 L.
800 3413 839 3460 tt.
869 3411 897 3460 0.
922 3411 983 3461 eod:
1049 3405 1070 3468 4)

96 3483 131 3535 L.
151 3483 193 3533 25.
214 3483 240 3532 0.
262 3483 293 3533 de
311 3489 410 3534 testum.
430 3481 464 3546 (6,
483 3481 534 3544 23).
593 3479 626 3546 xi)
645 3501 678 3520 =
697 3479 770 3528 Paul.
790 3482 813 3536 5,
834 3480 855 3534 7,
875 3481 900 3528 2.
