2464 3916
88 217 93 224 ·
124 212 170 245 nn
191 211 444 260 oemonrrournus,
463 212 538 254 onan
557 213 594 246 nx
611 213 734 248 numero
753 213 920 250 nunccurnn
937 203 985 265 1v,
1005 206 1028 253 1.
1048 200 1108 264 155

133 355 214 410 etiam
231 370 295 408 usus
311 354 368 408 eius
382 354 611 426 possessionisve:
634 355 707 427 quod
728 355 790 430 iege
810 357 926 412 naturali
939 357 1106 430 prohibitum

133 445 177 494 est
192 437 343 492 admittere.
376 432 506 492 ¹Furtum
522 446 612 493 autem
624 438 667 494 vel
682 455 696 494 a
714 439 792 496 furvo
808 440 835 495 id
851 449 892 496 est
907 443 987 514 nigro
1003 441 1105 498 dictum
1123 455 1139 501 2

133 530 186 593 est,
202 522 275 594 quod
291 521 358 576 clam
373 529 402 576 et
414 521 529 577 obscure
543 521 574 577 fit
589 529 618 578 et
631 523 792 597 plerumque
802 533 896 580 noete:
911 525 953 580 vel
968 543 983 580 a
998 525 1106 582 fraude:

134 606 175 663 vel
192 623 206 661 a
226 605 354 677 ferendo,
375 605 402 660 id
424 615 467 662 est
486 606 649 663 auterendo.
676 608 719 662 vel
739 625 753 662 a
774 608 876 674 Graeco
896 625 1037 681 sermone,
1060 612 1106 684 qui

133 695 238 766 φῶρας
259 690 395 764 appeliant
416 691 498 746 furca.
535 693 617 747 immo
638 693 718 748 etiam
739 685 869 748 Graeci'
852 687 911 747 απὸ
932 689 985 748 τοῦ
1004 687 1109 770 φέρειν

133 781 239 850 φωρας
260 775 396 831 dixerunt.
430 767 596 831 ²h'urtorum
619 785 708 831 autem
731 793 830 850 genera
852 777 906 832 duo
927 785 1007 849 sunt,
1024 781 1106 834 mani·
1126 790 1150 837 3

133 862 234 916 festum
250 866 279 916 et
293 875 344 914 nec
358 859 539 916 manifestum.
571 877 631 916 nam
646 869 808 934 conceptum
825 868 853 916 et
868 861 987 916 oblatum
1002 865 1106 936 species

131 947 225 1018 potius
241 945 354 1000 actionis
369 951 433 1000 sunt
453 944 527 999 furto
547 945 724 1000 cohaerentes
745 962 824 1018 quam
840 962 940 1019 genera
960 945 1108 1018 furtorum,

133 1031 205 1084 sicut
218 1028 332 1087 inferius
347 1028 494 1103 apparebit.
527 1020 704 1084 ³manisestus
719 1029 764 1084 fur
778 1037 835 1101 est,
852 1046 933 1102 quem
948 1029 1041 1086 Graeci
1057 1024 1105 1086 ἐπ’

132 1105 299 1190 αὐτοφώρῳ
315 1113 466 1187 appellant:
492 1129 543 1168 nec
565 1113 654 1169 solum
673 1115 712 1184 is,
735 1116 782 1187 qui
802 1116 829 1169 in
844 1117 904 1187 ipso
920 1113 995 1170 furto
1011 1115 1108 1188 deprc-

132 1198 277 1267 herimum,
298 1197 346 1252 sed
368 1199 448 1253 etiam
467 1199 507 1268 ἰε,
535 1200 581 1271 qui
601 1214 634 1252 eo
655 1197 715 1254 loco
738 1198 967 1272 deprehenditur,
990 1216 1044 1272 quo
1065 1198 1106 1271 fit,

136 1283 219 1338 veluti
234 1283 322 1354 quiin
338 1282 419 1338 domo
435 1281 538 1337 furtum
554 1283 676 1354 secitet,
698 1282 819 1338 nondum
841 1299 968 1356 egressus
990 1286 1105 1356 ianuam,

136 1367 320 1439 deprehensus
341 1366 440 1437 tuerit,
461 1375 489 1422 et
510 1368 604 1439 quiin
626 1366 726 1422 oliveto
748 1367 879 1422 olivarum
900 1374 947 1422 aut
967 1370 994 1423 in
1014 1369 1106 1424 vineto
1180 1387 1183 1393 ·

135 1467 246 1506 uvarum
261 1449 365 1505 fortuni
380 1451 460 1522 iecit,
477 1450 604 1524 quamdiu
619 1451 646 1504 in
664 1467 696 1505 eo
713 1451 813 1506 oliveto
830 1458 877 1506 aut
891 1452 920 1506 in
934 1453 1026 1506 vineto
1043 1447 1107 1506 fur⁴

134 1535 319 1608 deprehensus
335 1536 384 1590 sit:
405 1536 487 1590 immo
509 1535 624 1590 ulterius
647 1534 749 1589 furtum
765 1535 938 1590 manifestum
959 1535 1106 1591 extenden-

133 1619 198 1674 dum
219 1626 277 1690 est,
298 1619 425 1692 quamdiu
446 1636 503 1674 eam
523 1635 580 1674 rem
601 1619 646 1674 fur
659 1627 755 1674 tenens
770 1620 844 1674 visus
863 1620 904 1674 vel
921 1619 1106 1693 deprehensns

133 1703 218 1760 fuerit
233 1705 289 1758 sive
304 1705 333 1758 in
348 1703 456 1776 publico
479 1705 534 1758 sive
555 1704 583 1757 in
598 1704 702 1776 privato
718 1703 759 1758 vel
775 1721 790 1758 a
804 1703 914 1759 domino
930 1703 972 1759 vel
994 1703 1026 1758 ab
1042 1704 1105 1776 aiio,

133 1795 279 1860 antequam
299 1803 331 1842 eo
353 1789 521 1860 pervenerit,
543 1803 598 1860 quo
613 1786 734 1860 perterre
752 1805 783 1842 ao
798 1787 935 1861 deponere
949 1803 1007 1843 rem
1022 1787 1105 1844 desti-

133 1880 234 1928 nasset.
267 1871 314 1927 sed
330 1873 353 1926 si
368 1873 496 1944 pertulit,
513 1888 568 1945 quo
584 1871 744 1942 destinavit,
765 1874 871 1928 tametsi
888 1871 1107 1946 deprehendatur

134 1973 195 2011 eum
210 1973 240 2011 re
255 1956 374 2026 furtiva.
389 1973 444 2012 non
461 1964 503 2011 est
518 1955 676 2012 manifestus
691 1955 744 2010 sur.
778 1949 848 2011 ⁵nec
863 1957 1033 2012 manifestum
1049 1957 1104 2012 iur-

133 2050 192 2096 tum
214 2040 278 2114 quid
294 2042 345 2111 sit,
366 2057 397 2095 ex
419 2041 476 2110 his⁷
499 2057 568 2113 quae
588 2039 719 2110 dixtmnr,
741 2039 928 2113 intellegitur:
950 2057 1011 2094 nam
1031 2041 1105 2112 quod

134 2125 307 2180 manifestum
322 2141 378 2180 non
393 2131 446 2195 est,
461 2125 488 2178 id
502 2124 604 2188 scilicet
615 2123 846 2178 neemanisestum
862 2133 912 2178 est.
940 2123 1105 2196 Conceptum
1123 2133 1140 2180 4

134 2209 238 2265 furtum
254 2209 362 2280 dicitur,
379 2225 440 2264 eum
452 2208 523 2282 apud
540 2207 657 2280 aliquem
673 2206 787 2262 testibus
802 2207 990 2280 praesentibus
1007 2206 1106 2262 furtiva

134 2311 179 2350 res
192 2295 313 2367 quaesita
334 2301 361 2348 et
378 2295 487 2348 inventa
498 2293 549 2362 sit;
565 2293 666 2347 namin
680 2307 741 2346 eum
754 2292 863 2366 propria
875 2293 944 2348 actio
957 2292 1106 2346 constituta

45 2417 50 2425 -
107 2448 113 2458 .
135 2385 193 2450 est,
216 2379 335 2451 quamvis
356 2377 401 2432 iur
422 2378 543 2448 nonsit,
566 2392 634 2449 quae
655 2375 805 2449 appellatur
819 2377 954 2449 concepti.
985 2374 1104 2431 oblatum

134 2464 238 2518 furtum
253 2461 366 2532 dicitur,
387 2477 448 2517 eum
463 2478 506 2516 res
522 2461 621 2516 furtiva
641 2459 779 2534 abaliquo
801 2459 849 2515 tibi
865 2459 954 2516 oblata
968 2462 1004 2516 sit
1020 2456 1106 2533 eaque

134 2546 206 2620 apud
229 2555 255 2601 te
276 2553 406 2619 concepta
428 2547 478 2617 sit,
503 2546 598 2618 utique
621 2546 644 2600 si
664 2561 696 2601 ea
716 2552 807 2600 mente
822 2544 869 2600 tibi
885 2545 946 2600 data
961 2545 1059 2616 suerit,
1075 2552 1106 2599 nt

134 2631 206 2704 apud
223 2639 248 2686 te
262 2631 355 2704 potius
371 2646 450 2703 quarn
465 2629 535 2702 apud
551 2646 623 2701 eum,
639 2630 686 2702 qui
696 2628 811 2700 dederit,
827 2631 1029 2702 conciperetur:
1045 2645 1106 2684 nam

134 2714 193 2786 tibi,
209 2714 280 2788 apud
296 2730 375 2788 quem
392 2722 523 2786 concepta
537 2715 588 2785 sit,
604 2714 714 2786 propria
729 2713 856 2769 adversus
872 2729 949 2783 eum,
966 2714 1012 2786 qui
1028 2713 1106 2768 obtu-

133 2799 177 2870 tit,
193 2801 312 2872 quamvis
334 2797 379 2854 sur
399 2815 454 2854 non
468 2799 519 2868 sit,
535 2799 684 2854 constituta
699 2805 742 2853 est
757 2797 843 2869 actio,
867 2813 935 2870 quae
955 2797 1106 2870 appellatur

134 2883 227 2938 oblati.
259 2891 301 2942 est
315 2885 395 2938 etiam
405 2881 534 2957 prohibiti
549 2881 614 2937 furti
629 2883 699 2937 aetio
710 2881 838 2938 adversus
852 2897 924 2954 eum,
940 2882 987 2955 qui
1003 2881 1106 2937 furtum

204 3080 467 3146 1)=L.1pr.n.
488 3083 544 3134 eod
598 3079 691 3143 ²)init
716 3081 878 3144 [ενα-τὶ.
897 3082 921 3129 2.
941 3081 974 3134 D
994 3083 1053 3131 eod.
1072 3096 1107 3130 eac

135 3151 228 3202 Gatit.
249 3148 514 3200 landemarum·
533 3149 635 3206 3,183.
722 3147 1106 3212 ³)...nppellent=l1.3

130 3235 176 3283 pr.
195 3218 229 3270 D.
248 3219 306 3268 eod.
325 3233 361 3266 ecc
381 3217 438 3281 Uip.
463 3218 479 3266 1.
497 3218 530 3265 41
549 3217 585 3265 od
602 3215 662 3266 sab
748 3212 868 3276 4)1111111111
895 3215 949 3263 fuit
976 3221 1001 3263 et
1030 3221 1107 3264 antea

135 3290 166 3334 et
184 3284 329 3364 quamdiu,
356 3301 413 3334 nam
410 3234 475 3334 pfur
492 3283 564 3334 obeat
586 3299 602 3332 a
625 3282 750 3346 Theoph,
776 3283 818 3332 abi
832 3288 982 3361 praetereq
990 3282 1106 3343 fortunae

130 3368 183 3418 pro
202 3343 234 3402 ἐν
255 3343 403 3416 ἀμπελῶνι
423 3347 576 3416 κατέχεται
593 3353 723 3416 dependam
744 3319 777 3402 ἒν
798 3343 945 3414 ἀμπελῶνι
962 3339 1003 3400 dv
1023 3344 1106 3401 κατέ-

133 3435 225 3486 χεται.
314 3418 379 3482 5)..
390 3420 439 3480 ..ἕ
459 3422 510 3472 4..
523 3417 704 3472 ..volentem
730 3417 903 3482 prohibuerit
919 3418 1029 3480 fere=
1048 3417 1106 3468 Gai.

134 3484 333 3552 3‚1851..1.88.
