2484 3916
389 188 425 224 on
445 189 519 224 neec
540 187 676 226 ranorum
693 174 729 238 ll,
748 177 789 224 22.
1033 175 1074 238 91

100 331 163 384 ‘uti
184 329 297 404 legassit
312 347 376 386 suae
392 331 447 401 rei,
468 332 504 386 ita
525 331 567 386 ius
584 339 644 386 esto
653 329 687 403 '):
708 332 857 400 visumest
879 331 948 388 hanc
963 331 1072 406 legendi

98 415 239 470 licentiam
254 421 392 485 coartare,
414 413 495 488 idque
517 417 638 488 ipsorum
657 423 820 472 testatorum
836 417 921 490 gratia
935 417 1074 490 provisum

100 505 145 554 est
162 497 196 553 oh
211 497 250 568 id,
267 498 340 572 quod
355 497 515 572 plerumque
529 500 651 554 intestati
666 499 865 570 moriebantur,
880 499 1074 560 ,recusantibus

99 583 211 656 scriptis
228 581 372 648 heredibus
384 599 435 657 pro
445 583 521 640 nullo
538 592 583 638 aut
599 585 709 640 minimo
725 583 801 638 lucro
814 584 980 640 hereditates
991 585 1073 640 adire.

100 674 130 722 et
147 683 207 722 cunr
224 683 308 740 super
322 667 375 722 hoc
390 675 443 724 tarn
459 667 502 722 lex
517 667 595 724 lluria
612 684 691 742 quam
712 667 755 724 ler
770 667 889 724 Voconia
909 669 979 724 latae
1000 677 1074 740 suut,

100 767 217 824 quarum
240 759 335 806 neutra
356 749 494 807 sufficiens
521 752 553 807 ad
580 753 620 808 rei
639 753 898 808 consummationem
922 753 1075 809 videbatur:

101 837 250 892 novissime
271 836 324 890 lata
345 843 386 890 est
407 835 450 890 lex
471 835 601 908 Falcidia,
624 853 677 910 qua
698 845 822 908 cavetur,
846 853 880 892 ne
900 836 962 910 plus
984 837 1075 912 legare

100 921 193 992 liceat,
210 936 289 994 quam
305 919 464 976 dodrantem
481 927 601 976 totorum
615 920 761 991 honorum,
776 919 804 976 id
820 923 989 991 ostensive
1005 939 1075 977 unus

104 1005 186 1060 heres
202 1005 345 1062 institutus
361 1013 433 1060 esset
449 1006 504 1063 sive
519 1005 628 1078 plures,
645 1003 715 1079 apud
731 1021 792 1060 eum
808 1021 889 1060 eosve
903 1021 965 1079 pars
981 1015 1076 1078 quarta

100 1095 265 1144 remaneret.
301 1087 415 1144 Etcum
436 1091 586 1162 quaesitum
609 1097 696 1159 esset,
719 1089 824 1145 duobus
840 1089 985 1146 heredibus
999 1091 1109 1147 insti-1

102 1175 187 1245 tutis,
209 1173 293 1228 veluti
315 1173 386 1228 Titio
408 1181 435 1229 et
451 1172 528 1246 Seio,
550 1175 572 1230 si
588 1175 652 1230 Titii
672 1191 734 1248 pars
754 1181 801 1230 aut
822 1181 881 1230 tota
895 1175 1026 1230 exhausta
1041 1176 1077 1230 sit

103 1259 218 1332 legatis,
242 1274 310 1330 quae
331 1259 487 1314 nominatim
509 1258 540 1314 ab
561 1275 594 1314 eo
616 1259 677 1314 data
696 1266 775 1330 sunt,
796 1266 842 1314 aut
863 1275 944 1332 supra
966 1259 1076 1314 modum

105 1350 226 1412 onerata,
243 1359 256 1396 a
269 1341 331 1398 Seio
349 1359 411 1398 vero
428 1349 473 1398 aut
488 1343 563 1398 nulla
577 1343 671 1399 relicta
685 1345 740 1398 sint
755 1343 854 1416 legata,
870 1350 916 1398 aut
932 1360 1001 1416 quae
1016 1360 1076 1417 par-

108 1436 163 1482 tem
184 1427 239 1482 eius
261 1425 398 1482 dumtaxat
417 1428 445 1482 in
465 1434 568 1500 partem
593 1427 726 1482 dimidiam
742 1429 883 1498 minuunt,
905 1444 954 1498 an,
976 1430 1037 1500 quia
1053 1429 1075 1482 is

106 1521 227 1584 quartam
243 1518 347 1584 partem
357 1512 442 1566 totius
457 1511 615 1568 hereditatis
631 1519 677 1566 aut
692 1511 806 1584 amplius
816 1511 906 1581 habet,
923 1511 993 1568 Titio
1009 1511 1076 1566 nihil

105 1613 139 1651 ex
160 1595 273 1670 legatie,
298 1612 367 1668 quae
388 1595 419 1650 ab
436 1612 468 1652 eo
490 1595 584 1650 relicta
604 1603 685 1667 sunt,
707 1596 826 1651 retinere
841 1595 948 1651 liceret:
965 1595 1076 1669 placuit,

105 1688 137 1735 ut
153 1687 273 1754 quartam
289 1688 393 1753 partem
409 1697 473 1735 suae
488 1681 573 1754 partis
590 1679 689 1735 salvam
704 1678 810 1750 habeat,
826 1696 908 1754 posse
923 1671 1075 1736 retinere:1

105 1765 206 1820 etenim
221 1765 249 1818 in
264 1763 379 1838 singulis
395 1763 540 1819 heredibus
556 1767 624 1820 ratio
645 1763 714 1838 legis
729 1763 862 1820 Falcidiae
883 1763 1008 1837 ponenda
1024 1773 1074 1820 est.

106 1843 265 1916 ²Quantitas
281 1856 371 1903 autem
386 1849 551 1922 patrimonii,
568 1848 600 1903 ari
617 1865 695 1922 quam
711 1849 780 1904 ratio
794 1849 864 1922 legis
872 1847 1003 1904 Falcidiae
1016 1848 1076 1904 red·
1095 1851 1111 1898 2

105 1935 209 2008 igitur,
230 1934 325 1988 mortis
348 1941 470 2006 tempore
497 1941 644 2006 spectatur.
695 1935 786 2006 itaque
808 1934 830 1988 si
851 1932 925 1988 verbi
941 1935 1027 2007 gratia
1043 1935 1076 2004 is,

105 2019 154 2092 qui
174 2025 283 2072 centum
310 2031 454 2073 aureorum
478 2018 668 2090 patrimonium
695 2015 822 2087 habehat,
849 2021 957 2071 centurn
980 2034 1077 2072 aureos

105 2103 251 2176 legaverit,
273 2101 340 2158 nihil
359 2101 495 2175 legatariis
510 2101 638 2176 prodest,
662 2103 684 2156 si
705 2109 766 2156 ante
787 2100 884 2156 aditam
899 2101 1078 2156 hereditatem

105 2203 156 2262 per
171 2202 264 2242 servos
286 2185 462 2241 hereditarios
479 2193 524 2241 aut
542 2203 574 2241 er
589 2193 669 2258 partu
683 2184 839 2240 ancillarum
854 2183 1077 2240 hereditariarum

105 2280 153 2327 aut
168 2287 201 2326 er
216 2270 274 2326 leto
293 2285 422 2344 pecorum
443 2277 547 2326 tantum
568 2263 712 2325 accesserit
733 2267 890 2340 hereditati,
907 2274 953 2340 ut,
969 2276 1078 2324 centum

107 2356 196 2411 aureis
212 2355 366 2430 legatorum
381 2356 491 2410 nomine
507 2356 636 2428 erogatis,
652 2355 732 2410 heres
745 2361 867 2426 quartam
881 2362 985 2426 partem
1001 2353 1078 2433 here·

106 2441 200 2496 ditatis
222 2439 361 2494 habiturus
383 2440 433 2510 sit,
455 2439 503 2494 sed
519 2455 630 2495 necesse
646 2445 702 2510 est,
722 2445 751 2493 ut
772 2437 856 2492 nihilo
878 2439 967 2494 minus
983 2446 1078 2512 quarta

107 2541 170 2601 pars
185 2523 282 2599 legatis
299 2523 464 2580 detrahatur.
497 2539 529 2578 ex
544 2523 651 2578 divorso
672 2524 695 2578 si
716 2522 889 2596 septuaginta
905 2525 1025 2598 quinque
1040 2523 1079 2578 le-

107 2611 213 2684 gaverit
228 2616 256 2664 et
270 2617 332 2664 aute
347 2607 444 2664 aditam
460 2607 636 2664 hereditatem
657 2609 684 2663 in
707 2613 810 2662 tantum
825 2607 994 2662 decreverint
1008 2606 1080 2662 bona

105 2693 237 2749 incendiis
252 2693 323 2750 sorte
339 2699 385 2748 aut
400 2692 546 2766 naufragiis
563 2700 608 2748 aut
624 2698 712 2748 morte
727 2707 882 2762 servorum,
903 2699 934 2746 ut
953 2707 1009 2746 non
1025 2708 1080 2746 am·

106 2777 180 2852 plius
196 2795 276 2851 quam
290 2779 463 2852 septuaginta
478 2778 597 2851 quinque
612 2793 757 2832 aureorum
772 2774 922 2832 substantia
941 2775 984 2830 vel
1000 2776 1079 2830 etiam

107 2911 313 2918 ———-›—-——--‹

178 2992 197 3060 ¹]
217 2994 323 3059 placuit
419 2994 541 3043 retinere
569 2993 671 3056 scripsi.
699 2991 806 3056 placuit
823 2991 1034 3042 ut...habeat
1053 2998 1081 3040 et

106 3061 214 3128 placuit
231 3077 313 3127 porse
332 3063 453 3112 retinere
473 3059 542 3110 GPE
548 3059 588 3110 W
609 3061 702 3124 otiique
724 3064 756 3108 ut
845 3059 951 3109 habeat
973 3059 1081 3124 (omissio

106 3130 215 3198 placuit
232 3138 257 3180 et
277 3133 304 3180 et
328 3127 435 3194 placuit
458 3143 540 3194 posse
558 3125 689 3188 retinere)
716 3127 742 3176 B
769 3127 808 3178 hia
828 3129 951 3191 praefixo
974 3127 1081 3192 placuit
1163 3154 1166 3158 -

105 3199 155 3248 atta·
171 3199 247 3262 infer,
267 3199 307 3248 ed.
326 3197 400 3248 Srdr.
418 3196 525 3261 placuit
543 3197 662 3244 retinere
680 3194 782 3256 licere,
801 3199 832 3244 ut
852 3194 1022 3246 ...habeat
1040 3195 1081 3247 ed.

105 3265 160 3316 Kr.
180 3268 249 3332 quod
260 3267 332 3322 clodi,
353 3266 389 3326 (io
407 3279 456 3330 quo
474 3270 570 3312 tontum
581 3269 681 3328 potest,
700 3270 727 3312 ut
744 3265 771 3312 in
783 3266 838 3313 loco
851 3264 991 3312 iterationis
1001 3277 1080 3324 prae·

106 3341 182 3384 terea
200 3331 314 3397 idhitum)
338 3338 397 3396 poet
415 3331 519 3382 habeat
536 3331 675 3393 exciderit)
694 3331 769 3380 etiam
785 3331 957 3394 Theophilinio
974 3331 1082 3378 maxime

105 3403 232 3454 conuenit.
301 3397 322 3463 ¹)
341 3421 375 3442 =
392 3401 424 3453 L.
437 3402 468 3450 73
485 3416 527 3464 pr.
548 3399 580 3452 D.
600 3399 636 3448 od
652 3402 670 3452 l.
689 3399 760 3450 Folo.
780 3398 832 3462 (35,
851 3396 876 3459 2)
897 3412 931 3446 etc
950 3395 1009 3446 Gaii
1019 3398 1034 3446 l.
1050 3397 1081 3446 18

103 3471 143 3520 ad
161 3472 201 3520 ed.
218 3485 293 3534 prou.
310 3476 369 3518 mut.
1014 3467 1020 3481 '
