2486 3916
291 221 328 254 nn
348 219 530 257 incurreroso
549 221 732 259 unsrnnnnuo
751 207 786 270 11,
806 209 848 260 18.
1018 209 1058 274 77

82 365 195 420 irritum
211 361 311 418 iactum
326 364 363 418 sit
376 369 581 436 testamentum,
597 363 670 438 quod
680 365 814 421 civitatem
828 366 872 423 vel
887 369 968 423 etiarn
982 366 1061 423 liber·

83 454 172 504 tatem
187 453 306 504 testator
319 449 422 520 amisit,
444 455 491 504 aut
504 449 566 523 quin
580 451 607 504 in
623 448 797 523 adoptionem
812 468 841 508 se
857 451 933 508 dedit
944 460 975 507 et
989 469 1061 508 mor·

83 534 124 589 tis
139 540 264 606 tempore
279 533 307 588 in
322 530 441 606 adoptivi
452 535 538 607 petris
551 541 689 608 potestate
703 536 750 607 sit,
766 549 821 592 nou
835 543 930 610 potest
943 539 1060 610 scriptus

81 619 166 674 heres
180 617 332 675 secundum
347 615 449 674 tabulas
464 617 600 675 bonorum
618 622 819 692 possessionem
835 628 938 694 petere.
961 619 999 676 llx
1015 633 1112 699 compr

82 710 178 758 autern
193 702 255 760 solo
270 719 325 758 non
340 709 437 778 potest¹
448 701 578 760 infirmari
593 711 800 777 testamentum,
822 705 896 778 quod
910 713 1006 780 postea
1020 715 1061 762 te·

82 795 175 844 stntcr
194 787 223 842 id
242 787 331 843 noluit
351 786 454 844 velere:
475 788 592 868 plusque
613 781 711 860 adeo,1
732 790 784 845 etsi
806 789 867 864 quis
882 798 946 864 post
960 789 1059 847 luctum

80 873 162 947 prins
178 878 371 928 testamentum
384 873 523 947 posterius
539 871 628 928 iacere
642 875 763 946 coeperit
783 881 811 930 et
831 882 878 930 out
898 875 1062 930 mortalitate
1080 936 1083 940 ,

80 963 260 1031 praeventus,
276 964 324 1012 ont
339 957 401 1031 qnia
415 973 477 1013 eum
493 959 550 1014 eius
565 959 605 1014 rei
619 959 765 1031 poenituit,
780 958 807 1014 id
819 975 875 1014 uon
891 959 1060 1032 perfecisset,

55 1061 57 1064 ·
81 1041 146 1096 divi
160 1039 309 1096 Pertinacis
331 1043 454 1098 motione
476 1049 585 1099 cautum
605 1049 663 1113 est,
684 1059 718 1098 ne
739 1043 804 1099 alias
826 1043 933 1100 tabulae
953 1045 1060 1117 priores

81 1128 147 1182 iure
161 1126 248 1182 incus
269 1127 363 1182 irritae
377 1124 459 1198 finnt,
480 1127 532 1182 nisi
553 1135 700 1200 sequentes
721 1129 780 1184 iure
804 1127 942 1184 ordinatae
957 1135 986 1184 et
999 1144 1061 1202 per·

83 1211 174 1268 lectae
190 1209 301 1266 inerint
331 1227 393 1266 nam
408 1211 597 1285 imperfectum
618 1220 809 1268 testamentum
829 1213 889 1270 siue
903 1212 984 1270 dubio
1001 1212 1061 1268 uul-
1135 1211 1137 1218 '

81 1297 145 1352 lum
159 1303 210 1352 est.
241 1293 339 1351 lisdem
354 1297 478 1352 oratione
493 1298 642 1370 expressit,
658 1313 714 1352 uon
729 1297 908 1353 admissurum
923 1313 953 1353 se
968 1296 1110 1362 here-(iit

82 1381 203 1436 ditstetn
216 1381 290 1451 eius,
306 1381 352 1454 qui
367 1379 424 1436 litis
440 1395 520 1437 ceusu
533 1383 683 1455 principem
698 1381 827 1438 heredem
841 1381 997 1456 reliquerit,
1013 1398 1061 1438 ne·

84 1479 147 1538 que
161 1462 262 1520 tubulus
278 1481 334 1520 non
349 1464 470 1539 legitime
485 1464 585 1536 lactas,
601 1467 628 1520 in
644 1465 742 1538 quibus
757 1468 816 1540 ipse
832 1465 867 1522 ob
883 1481 940 1520 ceni
953 1481 1060 1522 causum

82 1550 169 1606 heres
184 1549 327 1605 institutus
343 1555 412 1621 erut,
427 1548 606 1622 probaturum
626 1565 716 1623 neque
736 1567 769 1605 ex
784 1549 856 1605 nudo
871 1565 937 1606 voce
952 1548 1059 1605 heredis

82 1649 189 1690 nomen
203 1633 382 1690 admissurum
398 1649 487 1707 neque
503 1649 536 1690 ex
551 1633 606 1690 ullo
621 1635 771 1708 scripture,
793 1635 837 1690 cui
861 1635 927 1690 iuris
943 1634 1060 1690 auctori·

83 1726 127 1774 tas
144 1717 228 1790 desit,
243 1717 344 1792 aliquid
353 1717 524 1792 adepturum.
549 1718 698 1775 secundum
713 1719 781 1775 hoec
791 1718 845 1774 divi
860 1733 969 1792 quoque
981 1717 1060 1774 Seve·
1077 1740 1080 1745 ·

83 1819 134 1859 rus
150 1809 181 1858 et
194 1804 348 1860 Antoninus
364 1804 520 1877 saepissime
534 1805 750 1877 rescripserunt:
772 1803 847 1860 ‘licet
862 1801 956 1875 enim,’
971 1805 1060 1878 inqui-

83 1885 147 1959 unt,
164 1886 284 1962 ‘legibus
299 1887 383 1944 soluti
397 1904 502 1960 sumus,
517 1895 635 1944 ettamen
649 1886 756 1962 legibus
770 1887 906 1944 vivimus?

493 2118 550 2158 TIT.
568 2116 657 2158 xvnt

205 2269 207 2273 s
260 2294 261 2298 Ν
285 2221 336 2272 on
353 2194 591 2288 morrroroso
609 2217 867 2272 rnsrnunnro.

154 2342 224 2413 Quia
238 2343 399 2420 plerumque
414 2351 540 2418 parentes
564 2345 623 2399 sine
644 2359 724 2398 causa
743 2339 844 2398 liberos
865 2357 930 2398 suos
950 2341 993 2398 vel
1014 2359 1059 2397 ex·
1075 2355 1110 2396 rr.

86 2429 224 2489 heredant
243 2428 285 2484 vel
301 2431 447 2500 omittunt,
470 2428 612 2484 inductum
628 2435 685 2499 est,
708 2435 740 2483 ut
754 2427 788 2483 de
808 2425 962 2484 inofficioso
978 2433 1061 2483 testa·

85 2522 183 2571 mento
199 2527 280 2589 agere
295 2515 403 2588 possint
417 2512 510 2586 liberi,
533 2513 579 2586 qui
595 2519 763 2586 queruntur,
786 2519 833 2567 aut
853 2513 946 2586 inique
966 2528 995 2568 se
1016 2529 1061 2567 ex·

87 2597 236 2657 heredatos
252 2606 300 2654 aut
314 2600 406 2673 inique
418 2599 593 2672 praeteritos,
609 2589 682 2654 ²hoc
697 2595 801 2669 colore,
818 2599 895 2671 quasi
910 2611 966 2652 non
982 2611 1060 2652 sanae

145 2898 166 2962 1)
183 2901 287 2962 scripsi.
298 2911 386 2964 usque
401 2897 472 2950 adeo
486 2902 518 2948 ut
527 2913 613 2950 omues
622 2898 698 2950 codd.
708 2898 768 2952 edd.
779 2898 828 2948 sed
838 2887 871 2948 τὸ
883 2889 973 2948 πλέον
985 2892 1060 2962 φημὶ

89 2968 210 3019 obsolute
226 2966 346 3032 Tdeoplu,
366 2973 394 3016 ut
405 2966 448 3032 pl·
466 2973 577 3032 propter
589 2965 745 3016 antecedens
756 2964 862 3015 vale-re
872 2965 1002 3016 excidisse
1014 2981 1062 3029 ap·

87 3041 198 3101 pareat.
215 3037 263 3086 sed
279 3042 306 3087 et
322 3039 352 3084 ut
364 3033 478 3086 librariis
490 3033 590 3093 deberi,
601 3039 711 3102 praeter
723 3034 748 3082 in
757 3033 810 3095 fine
821 3048 933 3099 sequens
952 3037 1063 3083 cautum
1101 3065 1105 3074 ·

93 3107 145 3154 est
164 3105 240 3154 docet
258 3105 374 3154 omissum
391 3103 417 3152 in
433 3103 565 3168 plerisque
583 3103 658 3152 codd.
675 3101 795 3166 proxime
806 3113 915 3166 sequens
934 3105 970 3158 et,
982 3109 1062 3150 mutn-

92 3178 143 3220 tum
159 3187 196 3224 sc.
216 3170 248 3220 ab
266 3173 298 3221 iis
313 3177 473 3236 pectusque
488 3169 557 3220 odeo
574 3171 601 3219 in
618 3173 657 3219 ut.
677 3171 708 3219 de
721 3171 910 3220 constructione
928 3169 962 3232 cs.
977 3169 1061 3218 Plani.

13 3257 14 3294 3
96 3238 171 3288 Troe.
188 3241 214 3298 2,
234 3241 258 3299 1,
276 3239 302 3290 5.
320 3237 463 3304 magisque
487 3237 556 3288 sdeo
580 3237 606 3287 ei
624 3235 801 3288 consiliosius
822 3235 869 3288 hio
887 3237 991 3287 amicus
1005 3237 1062 3296 est,
1136 3261 1141 3270 ·

13 3331 15 3346 ·
86 3319 175 3369 casm
193 3305 359 3357 auxiliarius
384 3308 486 3372 aliaque
509 3309 638 3370 exempta,
667 3319 732 3370 quae
758 3304 864 3355 exhibet
879 3304 980 3354 Handii
999 3301 1063 3350 Tur·

13 3393 14 3398 ¹
93 3375 174 3425 sellio.
194 3374 221 3426 1.
239 3390 267 3439 p,
289 3375 345 3424 147.
368 3373 430 3439 plus
453 3377 563 3424 cautum
591 3378 633 3423 est
656 3375 767 3435 dictum,
794 3378 822 3422 ut
848 3371 911 3437 plus
935 3369 1061 3432 arbitror,

13 3501 14 3508 ἵ
93 3439 156 3504 plus
173 3441 275 3492 dicitur
292 3443 393 3507 adaque
411 3443 550 3493 notissima,
630 3437 651 3504 ²)
667 3442 726 3505 sere
743 3459 777 3482 ε
794 3439 828 3490 L.
841 3441 866 3492 2.
888 3439 921 3488 D.
940 3439 973 3487 de
990 3437 1062 3501 deols.

86 3513 150 3560 ¹test.
170 3509 204 3574 (d,
223 3507 250 3573 2)
263 3525 298 3560 ec
315 3509 448 3560 Marciani
463 3512 479 3564 l.
497 3511 514 3560 4
531 3509 610 3559 instit.
