2486 3916
541 195 709 230 rannsarro.
1067 181 1108 232 XI

137 335 311 394 quanquam,
336 321 365 376 in
391 319 483 376 eadem
509 328 586 394 parte
607 321 631 376 si
646 321 849 376 constitutionis
875 319 987 376 alicuius
1013 321 1108 376 iterata

138 402 320 475 mentiofiat,
336 403 363 460 id
379 405 468 460 notari
482 403 584 476 soleat,
606 405 680 460 velut
694 403 738 476 lll,
756 403 806 475 28,
823 403 851 462 3.
869 405 932 460 coll.
948 403 993 474 ΙΙΙ,
1011 404 1060 475 17,
1077 405 1106 462 3.

135 487 184 560 ΙΙ,
202 487 252 560 13,
268 487 298 544 2,
315 487 378 544 coll.
394 488 437 559 ΙΙΙ,
455 487 504 545 21.
521 487 565 560 ΙΙ,
583 489 632 558 15,
651 489 678 546 6.
706 488 769 545 coll.
782 488 826 560 ΙΙ,
844 489 873 561 2,
891 489 917 546 1.
947 488 1002 545 Nec
1016 487 1060 560 ΙΙΙ,
1078 489 1107 560 7,

140 572 170 628 4.
194 571 240 630 ubi
255 571 375 630 dediticii
396 581 423 628 et
433 572 520 630 Latini
533 573 632 630 sublati
648 589 708 630 esse
720 573 858 645 dicuntur,
870 581 1107 646 commemoratur,

136 657 213 714 idem
233 659 283 714 iam
297 657 319 729 Ι,
336 656 371 728 5,
394 657 422 714 3.
446 658 547 714 dictum
570 674 646 728 esse,
668 656 759 732 ibique
781 659 860 714 etiam
880 657 947 714 illud
967 657 1108 732 singulare

138 751 201 814 est,
225 741 299 816 quod
315 742 425 815 quael,
442 741 477 812 5,
494 743 521 800 3.
549 743 648 798 dicitur
663 742 706 798 lex
732 742 806 798 lunia
822 741 955 814 Norbana,
969 742 1014 812 ΙΙΙ,
1031 743 1061 813 Ι,
1076 741 1105 800 4.

135 843 202 882 cum
218 825 283 882 Gaio
299 835 327 882 et
343 843 375 882 ex
391 825 489 882 Codice
505 825 715 902 appellaturlex
730 827 821 898 lunia,
837 844 893 884 non
908 826 1029 898 adiecto,
1046 843 1108 882 ean-

134 911 202 968 dem
224 911 292 967 hanc
312 909 404 984 legem
424 927 493 968 esse.
540 911 592 968 Sed
612 928 647 968 ue
668 911 720 968 hoc
742 911 855 985 quidem
875 911 997 985 negligas
1017 911 1107 984 velim,

141 995 216 1070 quod
232 997 284 1052 nisi
299 993 518 1052 observatiomea
530 1013 572 1052 me
582 995 692 1068 fefellit,
708 995 896 1054 tantummodo
912 997 939 1052 in
954 996 1109 1069 posteriore

135 1089 218 1154 parte
239 1079 405 1136 novellarum
422 1082 648 1138 constitutionum
669 1081 777 1154 saepius
789 1082 869 1136 etiam
889 1082 948 1154 ipsa
968 1079 1048 1136 verba
1063 1079 1108 1135 ad·

140 1165 282 1234 feruntur,
298 1163 373 1220 velut
387 1164 431 1235 ΙΙΙ,
449 1165 477 1236 l,
494 1159 538 1221 2¹³.
557 1165 587 1237 2,
603 1159 648 1222 33.
666 1164 695 1222 4.
712 1165 755 1237 ΙΙ,
774 1165 802 1236 1,
824 1165 852 1222 8.
872 1166 920 1222 16.
943 1163 1107 1238 (quanquam

134 1250 222 1306 etiam
237 1248 280 1320 ΙΙ,
300 1248 348 1320 18,
365 1248 394 1320 6)
422 1257 449 1306 et
475 1250 548 1324 quod
575 1250 695 1306 eiusdem
722 1251 808 1324 partis
835 1251 962 1324 scriptori
977 1249 1107 1305 familiare

133 1349 201 1390 -esse
227 1332 335 1388 videtur
360 1335 554 1408 imperatorum
585 1337 693 1392 nomina
719 1335 799 1390 etiam
825 1343 933 1408 praeter
957 1334 1107 1407 antiquitus

143 1419 240 1474 usitata
254 1417 377 1491 exempla
391 1420 419 1474 in
435 1418 562 1475 adiectiva
578 1419 704 1491 lleetere,
723 1419 796 1474 velut
811 1417 961 1474 Claudianis
978 1418 1107 1490 tempori-

137 1501 193 1558 bus
208 1502 253 1574 ΙΙΙ,
279 1502 313 1568 8,
332 1503 360 1560 3.
392 1502 528 1560 Leouiana
553 1505 713 1560 constitutio
734 1502 783 1574 ΙΙΙ,
807 1503 913 1574 15,1.
955 1502 1107 1557 Zenoniana

140 1587 186 1642 lex
200 1586 249 1659 ΙΙΙ,
265 1586 324 1659 24,
340 1587 368 1648 3.
385 1587 429 1659 ΙΙ,
446 1589 481 1660 6,
504 1588 553 1646 33.
574 1587 628 1659 13,
647 1589 695 1646 10.
727 1587 770 1644 les
785 1588 958 1644 Anastasiana
970 1585 1013 1658 lll,
1029 1585 1059 1658 5,
1077 1586 1105 1644 1.

141 1671 216 1746 quod
237 1673 265 1728 in
286 1673 377 1746 priore
398 1680 475 1746 parte
497 1690 553 1729 non
573 1674 677 1746 reperi,
699 1673 750 1728 nisi
771 1671 855 1728 semel
877 1669 914 1742 ll,
938 1671 972 1742 6,
991 1670 1039 1726 14.
1063 1671 1108 1728 ubi

134 1758 237 1812 iterata
250 1755 320 1830 legis
335 1756 451 1813 Zenonis
467 1759 569 1814 mentio
586 1757 707 1814 varianda
723 1766 790 1814 erat.

204 1843 239 1896 At
255 1843 342 1912 enim,
357 1843 464 1914 inquis,
481 1841 590 1898 fortuna
605 1843 709 1898 scilicet
729 1843 756 1898 in
777 1841 902 1897 omnibus
923 1840 1005 1896 rebus
1021 1841 1107 1896 domi-

132 1931 230 1981 natur.
261 1923 436 1999 Respondeo:
453 1926 569 1984 fortasse
584 1927 679 1982 hocin
695 1925 813 2000 siugulis
826 1925 985 2000 quibusdam
1001 1941 1106 1997 eorum,
1135 1987 1139 1997 Ι

142 2026 211 2083 quae
226 2009 322 2081 attuli,
342 2017 417 2066 recte
439 2009 596 2084 obgen'tur3
617 2027 650 2066 an
666 2027 730 2066 vero
752 2012 831 2066 etiam
852 2011 880 2066 in
902 2009 1027 2066 omnibus
1042 2027 1107 2066 eon-

133 2095 241 2150 iunctis
257 2093 327 2150 idem
343 2094 432 2151 dicere
448 2096 504 2151 veri
518 2112 615 2152 sensus
632 2095 770 2164 admittat,
786 2095 889 2166 tuipse
905 2093 1005 2150 videto.

203 2178 237 2234 Et
252 2177 339 2234 adbuc
354 2179 485 2235 accedunt
501 2196 531 2235 ea
542 2187 716 2252 argumenta,
733 2177 831 2252 quibus
843 2177 1022 2249 Theophilum
1034 2179 1107 2250 prio·
1123 2216 1125 2221 ·

139 2279 200 2318 rum
217 2263 333 2319 duorum
348 2263 479 2320 librorum
495 2271 632 2320 auctorem
648 2280 704 2320 non
719 2263 819 2334 luisse,
841 2261 958 2316 duorum
972 2262 1108 2334 posterio-

140 2363 201 2402 rum
218 2347 318 2418 iuisse,
333 2347 474 2422 probaturi
489 2365 599 2420 sumus,
622 2347 720 2422 quibus
737 2347 817 2403 simul
832 2344 967 2417 eflicitur,
988 2353 1019 2402 ut
1034 2347 1121 2420 price

139 2433 330 2488 resliorotheo
346 2433 501 2506 assignandi
516 2435 581 2488 sint.
598 2433 658 2488 Non
669 2440 776 2506 repeto,
793 2447 861 2506 quae
877 2431 930 2486 buc
945 2431 1108 2504 pertinentia

133 2517 193 2574 iam
208 2516 278 2572 dicta
293 2525 366 2573 suant.
389 2515 509 2574 Certiora
521 2519 563 2572 his
579 2525 737 2591 argumenta
748 2516 886 2573 ducuntur
897 2530 930 2570 eu
942 2516 1107 2588 paraphrasi,

135 2604 220 2658 cuius
243 2601 382 2674 complura
402 2601 462 2657 loca
487 2603 598 2674 docent,
625 2601 806 2676 Theophilum
826 2602 854 2656 iu
875 2599 1011 2674 prioribus
1032 2599 1108 2656 libris

140 2695 269 2760 tanquam
298 2702 314 2740 a
342 2702 372 2741 se
401 2685 494 2741 alienis
525 2687 654 2760 quaedam
675 2686 712 2742 ibi
738 2685 809 2742 dicta
838 2701 894 2740 nou
923 2683 1051 2756 probasse
1082 2693 1109 2740 et

134 2772 309 2842 correxisse,
329 2771 358 2825 in
373 2771 431 2826 aliis
458 2770 495 2826 ibi
523 2771 642 2827 tractatis
669 2773 756 2827 minus
772 2777 906 2825 versatum
923 2767 1025 2840 fuisse,
1041 2768 1108 2824 adeo

141 2863 172 2910 ut
187 2853 318 2912 nonnulla
333 2862 428 2935 centra
443 2856 560 2912 auctoris
577 2864 695 2912 mentem
715 2862 824 2928 caperet
844 2861 873 2909 et
886 2859 1020 2910 verteret:
1041 2871 1109 2928 quo·

135 2941 331 3000 cumomniuro
341 2941 370 2995 in
385 2939 584 3014 posterioribus
595 2939 669 2996 libris
683 2939 749 2996 nihil
763 2941 891 2996 occurrit.
921 2935 964 2994 En
977 2939 1107 3014 exempla.

139 3023 173 3095 ΙΙ,
191 3025 220 3096 1,
236 3024 286 3082 36.
302 3024 348 3080 ubi
363 3023 409 3080 ille
431 3021 540 3082 ‘eadem
564 3025 621 3082 lere
637 3025 713 3081 etde
729 3023 846 3080 colono'
868 3024 986 3098 primum
1002 3021 1034 3079 ad
1051 3039 1110 3078 ver-

140 3105 207 3164 bum
224 3097 323 3168 Graece
338 3107 472 3182 reddidit,
495 3119 591 3182 postea
611 3116 699 3165 notat:
733 3101 765 3165 τὸ
786 3109 843 3164 lere
859 3101 892 3165 di
914 3101 981 3182 ἤτοι
1003 3101 1111 3182 σχεδὸν

134 3187 329 3270 παρέλκεται·
353 3195 397 3250 vir
421 3193 448 3248 id
475 3194 585 3266 quidem
609 3201 699 3264 recte,
726 3193 774 3250 sed
801 3211 895 3265 causa,
921 3201 952 3248 ut
968 3193 1034 3248 haec
1049 3209 1109 3248 eum

138 3275 246 3335 Reitzio
262 3277 412 3353 Theophilo
434 3286 564 3350 tanquam
583 3277 718 3352 glossema
740 3277 939 3348 abiudicemus,
961 3277 1034 3335 nulla
1056 3285 1117 3347 est„

136 3365 301 3434 praesertim
317 3365 416 3422 cumis
432 3363 527 3422 etalio
543 3363 605 3422 loco
620 3361 653 3434 ll,
670 3363 699 3434 Ι,
714 3381 756 3438 pr.
781 3359 874 3420 ‘lere'
895 3361 1024 3422 ibtrecte
1037 3362 1111 3434 posi».

137 3455 200 3502 tum
217 3464 277 3504 esse
292 3451 494 3508 animadvertat.
510 3447 537 3520 l,
555 3447 605 3521 23,
627 3447 655 3505 2.
673 3447 719 3502 illa
744 3446 824 3503 verba
854 3445 937 3502 ‘ltem
952 3444 1030 3502 iuviti
1045 3443 1111 3500 adu·
1128 3516 1130 3520 .
