2464 3916
361 223 398 257 ns
416 221 671 258 nernacarronreue
688 209 735 266 1v,
755 208 795 262 14,
1005 203 1065 267 191

98 365 165 420 haec
178 363 325 436 procedere
340 364 480 436 volumus,
500 363 642 434 sedeam,
664 365 788 436 quiante
804 369 910 436 tempus
932 363 1066 436 pactionis

98 448 141 504 vel
156 447 327 522 obligationis
348 449 423 506 litem
442 448 543 504 inferre
564 465 645 504 ausus
666 455 724 519 est,
745 447 913 504 Zenonianae
933 448 1067 502 constitu-

99 525 187 588 tioni¹
212 532 349 589 subiacere
369 549 526 605 censemus,
554 549 633 606 qoam
655 532 853 588 sacratissimus
875 531 1018 606 legislator
1033 531 1067 586 de

98 617 156 688 his,
172 618 219 690 qui
233 623 355 691 tempore
370 617 432 691 plus
446 619 600 691 petierunt,
615 617 742 690 protulit,
759 624 789 672 ut
803 623 831 671 et
842 615 973 687 inducias,
990 633 1066 689 quas,

98 693 173 758 sive²
192 703 249 774 ipse
264 708 341 758 actor
354 710 454 776 sponte
468 701 612 758 indulserit
634 701 677 758 vel
692 708 788 758 natura
804 701 917 756 actionis
933 702 1067 771 continet,

99 792 313 859 contempserat,
327 788 356 842 in
372 787 484 860 duplum
500 785 616 842 habeant
630 787 674 858 bi,
696 787 743 860 qui
759 785 840 842 talem
854 785 979 849 iniuriam
994 786 1067 858 passi

99 877 179 940 sunt,
195 877 301 944 etpost
316 887 361 926 eas
376 869 465 927 linitas
479 888 535 928 non
551 871 629 927 aliter
644 871 720 927 litem
732 871 890 944 suscipient,
905 869 959 924 nisi
973 885 1069 924 omnes
1125 907 1127 912 ·

99 970 229 1027 expensas
243 954 298 1010 litis
314 950 392 1010 antea
407 957 576 1029 acceperint,
598 963 629 1011 ut
650 963 772 1028 actores,
793 954 840 1010 tali
855 969 943 1028 poena
964 960 1068 1027 perter-

16 1041 17 1044 ’
97 1039 158 1110 riti,
172 1045 296 1112 ‘tempora
311 1039 398 1095 litium
414 1039 563 1096 doceantur
588 1039 741 1096 observare.
778 1039 920 1095 Praeterea
941 1039 1021 1094 etiam
1037 1045 1168 1109 ex(10)11

97 1139 214 1196 persona
228 1123 366 1179 dilatoriae
381 1130 447 1179 sunt
461 1125 650 1198 exceptiones:
667 1124 760 1199 quales
775 1131 841 1180 sunt
856 1125 1068 1197 procuratoriae,

98 1206 181 1262 veluti
207 1208 230 1262 si
255 1223 305 1281 per
330 1208 443 1264 militem
470 1216 516 1264 aut
540 1209 681 1265 mulierem
702 1225 783 1282 agere
805 1209 865 1282 quis
880 1206 958 1264 velit:
987 1201 1069 1264 ³nam

17 1365 18 1368 Ἴ
98 1289 228 1348 militibus
248 1309 298 1349 nec
318 1309 368 1366 pro
389 1300 467 1366 patre
482 1292 524 1348 vel
539 1300 625 1348 matre
639 1294 683 1349 vel
698 1309 783 1349 uxore
804 1308 855 1348 nec
876 1307 909 1348 ex
929 1308 1006 1348 sacro
1026 1309 1069 1348 re·
1096 1350 1099 1355 ,

98 1377 200 1450 scripto
225 1377 413 1450 procuratorio
435 1378 544 1434 nomine
570 1379 687 1450 experiri
713 1376 886 1434 conceditur:
917 1379 976 1432 suis
1002 1392 1068 1432 vero

98 1461 216 1535 negotiis
243 1477 387 1546 superesse
412 1463 470 1518 sine
495 1461 597 1517 offensa
617 1460 773 1535 discipliuae
788 1448 917 1534 possunt,¹
944 1475 988 1516 eas
1003 1475 1068 1516 vero

100 1545 288 1618 exceptiones,
315 1561 384 1618 quae
410 1545 474 1602 olim
499 1545 722 1620 procuratoribus
744 1552 858 1620 propter
878 1543 1011 1600 infamiam
1026 1543 1078 1599 vel'

101 1628 187 1685 dantis
212 1629 254 1686 vel
275 1631 361 1704 ipsius
386 1631 571 1704 procuratoris
604 1629 834 1704 opponebantur,
861 1644 921 1685 cum
947 1630 975 1684 in
1001 1628 1070 1692 iudi-

101 1713 149 1768 ciis
173 1713 338 1788 Irequentari
362 1715 439 1772 nullo
459 1717 645 1789 perspeximus
667 1714 765 1786 modo,
791 1715 985 1788 conquiescere
1010 1729 1071 1768 san·

100 1799 200 1870 cimus,
212 1799 215 1804 ’
226 1815 277 1872 ne,
304 1799 367 1854 darm
389 1801 423 1856 de
442 1801 483 1856 bis
498 1799 661 1873 altercatur,
688 1800 772 1873 ipsius
788 1797 895 1873 negotii
910 1797 1069 1873 disceptatio

99 1883 262 1956 proteletur.

518 2079 575 2120 TIT.
589 2079 652 2120 XIV.

379 2183 430 2232 DE
448 2181 790 2234 REPLIOATIONIBUS.

165 2299 320 2361 4lnterdum
332 2305 431 2376 evenit,
446 2311 478 2360 ut
492 2305 626 2377 exceptio,
643 2319 711 2378 quae
723 2303 809 2376 prima
824 2302 891 2358 lacie
906 2301 1071 2359 instavidea·
1088 2323 1123 2364 pr,

103 2397 162 2461 tur,
184 2390 277 2464 inique
296 2397 402 2446 noceat.
441 2387 514 2462 quod
534 2404 603 2464 curn¹
616 2387 726 2459 accidit,
747 2387 797 2442 alia
818 2386 981 2460 allegatione
1003 2404 1071 2462 opus

102 2480 144 2529 est
158 2473 300 2530 adiuvandi
321 2475 420 2530 actoris
436 2474 540 2548 gratia,
563 2488 630 2546 quae
644 2471 787 2546 replicatio
802 2477 931 2545 vocatur,
948 2473 1010 2545 quia
1023 2489 1072 2546 per

102 2574 159 2614 eam
180 2557 327 2632 replicatur
347 2567 429 2632 atque
454 2557 602 2615 resolvitur
626 2558 665 2614 vis
691 2557 869 2630 exceptionis.
906 2556 991 2613 veluti
1011 2573 1071 2612 eum

101 2649 195 2716 pactus
211 2649 254 2698 est
268 2642 365 2716 aliquis
381 2659 441 2699 cum
456 2641 586 2698 debitore
596 2658 664 2714 suo,
685 2657 719 2697 ne
734 2641 766 2698 ab
783 2658 816 2698 eo
831 2642 972 2714 pecuniam
987 2647 1072 2713 petat,

102 2726 199 2783 deinde
213 2733 309 2801 postea
325 2727 353 2782 in
368 2729 533 2783 contrarium
554 2727 625 2800 pacti
640 2732 720 2797 sunt,
741 2725 768 2782 id
790 2732 833 2781 est
854 2732 885 2779 ut
904 2731 999 2798 petere
1015 2740 1073 2778 cre·

102 2811 185 2867 ditori
199 2811 293 2868 liceat:
309 2812 332 2867 si
347 2818 410 2886 agat
423 2809 543 2866 creditor
557 2817 586 2866 et
600 2811 714 2884 excipiat
729 2809 851 2881 debitor,
867 2815 898 2863 ut
913 2809 949 2864 ita
965 2807 1072 2863 demum

102 2895 314 2968 condemnetur,
341 2897 364 2951 si
389 2911 445 2951 non
465 2895 640 2966 convenerit,
666 2910 701 2950 ne
723 2911 780 2949 eam
800 2894 940 2968 pecuniam
955 2891 1074 2948 creditor

101 2986 194 3053 petat,
209 2987 291 3036 nocet
306 2981 330 3036 ei
345 2980 484 3054 excepti03
511 2980 638 3036 convenit
653 2979 724 3034 enim
739 2979 791 3051 ita,
819 2970 974 3051 etiamque5
988 2975 1073 3032 nihilo

173 3225 193 3290 ¹)
211 3229 243 3278 h.
262 3228 287 3278 1.
308 3228 335 3278 C.
355 3229 388 3278 de
402 3231 462 3292 plne
476 3233 532 3291 pet.
552 3226 587 3292 (3,
607 3226 659 3294 10).
726 3223 748 3290 ²)
767 3227 826 3278 sive
845 3228 960 3279 omissum
977 3225 1074 3276 scilieet

102 3294 134 3348 ob
151 3295 232 3346 simile
251 3309 333 3361 qua-s
352 3295 428 3360 ipso,
455 3297 559 3352 addidi:
586 3295 610 3345 si
636 3311 671 3346 eae
688 3293 815 3346 Menaeni
835 3295 871 3358 ej.
897 3294 938 3346 ed.
956 3292 1007 3344 Kr.
1027 3308 1074 3346 om.

102 3379 156 3414 eum
174 3363 251 3414 codd.
270 3365 311 3414 ed.
324 3363 400 3416 Scir.
487 3359 508 3426 ³)
524 3363 584 3428 fere
602 3383 637 3404 =
653 3363 687 3415 L.
706 3365 730 3414 l.
748 3363 777 3413 0.
801 3365 834 3413 de
850 3376 956 3426 procur.
976 3357 1011 3426 (2,
1031 3357 1073 3425 13)

102 3431 159 3481 init.
227 3425 249 3493 4)
265 3447 309 3496 pr.
328 3431 368 3492 ἕξ,
390 3430 879 3494 1...esere=oat.4‚126...129.
934 3426 953 3492 5)
973 3427 1075 3493 scripsi.

102 3493 156 3550 aot
177 3498 291 3564 Tbeopd.
310 3512 434 3563 nemque,
448 3498 504 3550 Gal.
522 3499 598 3550 codd·
616 3499 676 3549 edd.
782 3547 785 3552 ,
