2464 3916
265 243 271 256 .
376 217 413 256 nn
431 217 614 256 rsrsnnrcrrs
632 201 679 266 1v‚
701 203 740 253 15.
997 201 1059 268 195

83 364 112 418 in
128 361 306 435 possessione
320 376 409 434 neque
425 361 482 416 eius
509 359 717 430 nominetenus,
744 365 831 415 tamm
847 361 870 415 si
895 375 951 416 non
976 359 1058 418 relin-

83 445 207 519 quendae
222 445 404 518 possessionis
420 446 525 517 animo,
540 443 589 500 sed
603 451 699 518 postea
709 459 868 500 reversurus
879 445 943 500 inde
957 445 1058 502 disces·

82 532 168 601 serit,
191 531 309 586 retinere
325 531 527 602 possessionem
547 521 703 584 rideatur.¹
734 527 844 602 adipisci
863 545 928 586 vero
948 546 1057 603 posses.-

82 617 188 671 sionem
210 629 259 686 per
280 627 349 686 quos
370 613 466 688 aliquis
487 621 595 688 potest,
617 613 737 670 wcundo
763 613 832 670 libro
854 608 1058 687 εψεειιίῐεεε.2

84 715 138 755 nec
154 698 207 754 ulla
222 696 355 754 dubitatio
372 707 429 771 est,
456 701 521 772 quin
544 698 632 754 animo
653 698 714 754 solo
730 699 931 772 possessionem
947 699 1057 773 adipisci

83 799 165 839 nemo
182 790 284 856 potest.
322 781 519 858 Reciperandae
540 784 723 856 possessionis
743 798 822 839 causa
836 782 908 840 solet
922 783 1058 857 interdici,
1076 786 1092 838 6
1189 836 1196 847 ,

82 869 107 922 si
123 869 184 941 quis
201 883 233 923 er
248 869 423 940 possessione
438 867 514 924 inndi
531 867 570 922 vel
586 866 692 923 aedium
707 868 733 922 vi
748 866 868 924 deiectus
884 866 981 923 luerit:
996 885 1058 924 nam

83 954 109 1008 ei
124 953 289 1026 proponitur
304 951 477 1008 interdictum
492 968 577 1010 unns
592 968 640 1022 vr,
662 968 712 1027 per
733 951 807 1025 quod
828 953 867 1023 is,
889 953 935 1025 qui
951 951 1058 1024 deiecit,

82 1037 195 1112 cogitur
209 1037 234 1092 ei
248 1038 395 1092 meltum
409 1039 621 1110 possessionem,
637 1037 734 1093 licotis
749 1035 781 1092 ab
793 1052 838 1108 ec,
853 1037 937 1110 quivi
950 1035 1058 1109 deiecit,
1194 1014 1202 1104 l

83 1124 110 1176 vi
131 1119 174 1177 vel
194 1120 262 1176 clam
287 1121 329 1176 vel
359 1123 482 1196 precario
506 1119 671 1196 possidebat.
708 1121 757 1178 sed
778 1137 811 1177 es
826 1122 909 1177 meris
925 1123 1059 1178 constitu·
1202 1106 1203 1156 l

85 1204 224 1276 tionibus,
240 1213 367 1280 utsupra
382 1201 527 1279 dirimus‚³
548 1209 571 1262 si
593 1207 654 1280 quis
669 1221 726 1263 rem
742 1206 860 1280 pervim
876 1207 1057 1280 occupaverit,

84 1293 109 1346 si
126 1289 234 1363 quidem
248 1291 276 1345 in
291 1289 371 1346 bonis
386 1293 445 1348 eius
459 1301 515 1367 est,
543 1291 665 1348 dominio
681 1293 739 1347 eius
760 1291 898 1364 privator,
924 1291 1059 1364 malens,

83 1382 151 1449 post
165 1375 223 1431 eius
238 1375 439 1432 restitutionem
454 1379 534 1432 etiam
549 1376 762 1434 aestimationem
778 1376 816 1431 rei
833 1374 896 1430 dare
911 1377 963 1430 rim
978 1391 1059 1448 passo

85 1458 267 1534 compellitur.
304 1461 351 1533 qui
366 1469 455 1516 antem
470 1461 588 1536 aliquem
612 1461 645 1516 de
660 1461 836 1534 possessione
855 1452 905 1534 per
920 1460 972 1514 rim
987 1459 1059 1516 dele·

85 1545 169 1615 cerit,
185 1551 295 1600 tenetur
309 1544 372 1619 lege
386 1545 452 1602 lulis
466 1545 501 1603 de
517 1549 541 1603 vi
557 1548 660 1621 privata
675 1553 722 1601 aot
736 1545 770 1601 de
785 1546 811 1600 vi
824 1543 946 1618 psrlslica:
961 1544 1009 1601 sed
1025 1543 1059 1600 de

86 1631 112 1684 vi
128 1630 246 1702 privata,
262 1629 357 1684 sisino
372 1631 451 1686 armis
466 1633 519 1687 vim
535 1632 646 1702 lecerit,
662 1631 705 1686 sin
720 1639 809 1686 antem
825 1645 886 1684 cum
902 1631 982 1686 armis
997 1645 1059 1685 eom

89 1713 124 1768 de
138 1714 315 1786 possessione
329 1715 478 1788 expulerit,
499 1716 533 1772 de
555 1719 580 1772 vl
594 1715 709 1789 publica.
748 1730 882 1770 armornm
903 1707 995 1770 lutera
1014 1730 1060 1787 ap·

89 1797 238 1870 pellectione
259 1813 314 1853 non
334 1798 423 1854 solnm
443 1809 522 1856 scota
541 1809 568 1857 et
588 1800 694 1876 gladios
710 1807 738 1856 et
753 1799 845 1873 galeas
856 1797 1004 1873 significari
1020 1800 1060 1854 in·

91 1881 264 1956 tellegimns‚
289 1881 337 1938 scd
363 1891 391 1938 et
417 1884 503 1941 lustm
527 1894 555 1942 et
580 1884 691 1960 lapides.
736 1883 827 1939 l'ertie
853 1883 949 1940 divisio
976 1884 1093 1939 inter-i

90 1965 225 2022 dictorum
242 1967 308 2023 haec
322 1975 382 2040 est,
404 1969 477 2042 quod
493 1979 539 2026 ant
553 1969 683 2043 simplicia
699 1976 763 2024 sont
778 1977 824 2022 aut
839 1968 964 2041 duplicia.
996 1969 1059 2023 sim-

87 2051 166 2124 pllcia
191 2046 286 2123 sunt‚⁴
322 2052 350 2107 in
376 2052 473 2126 quibos
495 2055 564 2110 alter
584 2062 675 2124 actor,
701 2053 770 2108 alter
795 2067 859 2106 reus
885 2059 941 2106 cst:
972 2050 1060 2124 qualia

88 2143 153 2190 sunt
168 2136 257 2192 omnis
272 2137 440 2212 restitutoria
455 2147 502 2194 aot
517 2137 690 2195 exhibitoria:
711 2151 827 2210 namque
842 2143 919 2192 actor
933 2143 991 2206 est,
1014 2135 1060 2206 qui

88 2219 226 2276 desiderat
240 2227 289 2274 ant
301 2220 422 2278 exhiberi
436 2232 484 2278 aut
496 2225 620 2295 restitui,
641 2237 706 2278 rens
719 2224 757 2293 is,
779 2238 794 2276 a
809 2237 864 2294 qno
879 2218 1060 2290 desideratur,

89 2313 120 2360 ut
135 2305 262 2360 restituat
275 2312 322 2360 ant
337 2306 468 2364 exhileat.
491 2307 732 2382 prohibitorium
748 2314 837 2361 autem
852 2303 1060 2360 interdictorum

89 2389 140 2445 alia
154 2389 284 2463 simplicia
304 2400 384 2462 sunt,
410 2393 462 2448 alie
481 2393 605 2467 duplicia.
643 2391 772 2465 simplicia
794 2397 873 2460 sunt,
899 2388 1061 2444 volaticum

88 2472 215 2547 prohibet
237 2482 348 2547 praetor
373 2479 400 2532 in
421 2477 482 2533 loco
497 2493 575 2533 sacro
591 2477 632 2533 vel
658 2477 685 2532 in
713 2475 823 2531 [lumine
848 2473 956 2548 publico
971 2475 1061 2547 ripave

89 2560 147 2613 eius
169 2557 269 2631 aquuid
289 2557 348 2614 fieri
362 2558 434 2632 (nam
454 2570 529 2618 actor
548 2571 606 2633 est,
633 2562 679 2635 qui
700 2559 847 2629 desiderat,
874 2575 909 2615 ne
925 2557 990 2632 quid
1005 2555 1061 2628 fiat,

88 2659 169 2712 reus,
185 2643 233 2714 qui
247 2642 346 2716 aliquid
362 2645 450 2702 iacere
465 2644 603 2718 conaturl:
619 2645 734 2718 duplicia
749 2653 813 2699 sunt
828 2643 976 2701 velutinrr
990 2655 1061 2698 ros·

90 2741 218 2784 sinaris
234 2726 407 2785 interdictum
424 2738 451 2785 et
462 2745 587 2788 urnam.
615 2729 675 2786 ideo
689 2737 778 2786 antem
790 2727 907 2802 duplicia
920 2734 1061 2797 vocantur,

89 2812 154 2884 quia
168 2827 217 2884 par
232 2812 375 2885 utriusque
389 2814 535 2888 litigatoris
558 2815 585 2870 in
600 2815 642 2870 liis
658 2813 779 2870 condicio
796 2821 837 2868 cst
853 2813 1060 2886 nee-quisquam

88 2895 313 2968 praecipitemus
329 2898 371 2953 vel
386 2906 462 2954 actor
476 2897 661 2972 intellegitur,
683 2897 731 2953 sed
748 2897 936 2970 unusquisqne
952 2905 1005 2952 tam
1022 2895 1061 2950 rei

89 2994 171 3052 quam
187 2980 286 3034 actoris
301 2976 425 3052 partem⁵
441 2983 568 3040 sustinet.

154 3063 192 3119 lle
213 3061 308 3119 ordine
328 3075 355 3122 et
376 3067 461 3122 veteri
483 3068 556 3122 exitu
575 3066 782 3122 interdictorum
803 3082 999 3140 supervacuum
1020 3072 1062 3119 est
1079 3071 1095 3120 8

93 3211 296 3224 -n——hoeu—

35 3351 37 3356 ,
160 3295 184 3361 ¹)
203 3296 312 3348 videtur
329 3301 467 3353 coddnet.
484 3307 508 3348 et
522 3300 639 3364 plerique
651 3300 729 3362 inser.
743 3300 802 3350 edd.
812 3298 887 3348 Scdr.
907 3303 933 3346 et
947 3296 998 3348 Kr.
1039 3293 1061 3359 ²)

35 3365 37 3429 ξ
89 3367 130 3427 ἐξ.
150 3365 270 3418 3...5Ι.
287 3383 336 3431 per
354 3383 417 3432 quas
441 3381 513 3431 pert.
532 3367 588 3420 nob.
613 3383 669 3432 aeq.
689 3368 723 3428 (2,
743 3363 779 3430 9).
867 3363 889 3423 3)
908 3365 932 3425 ἓ.
951 3365 973 3415 1.
995 3362 1019 3414 I.
1038 3365 1064 3412 vi

36 3441 38 3476 l
89 3435 148 3486 bon.
168 3439 239 3496 rapt.
259 3433 295 3496 (4,
307 3433 345 3500 2),
369 3432 459 3500 1⁴)st'c
480 3435 591 3500 Tneopi.
611 3435 700 3485 veluti
721 3435 820 3484 addcmt
841 3433 917 3483 codd.
941 3433 999 3482 edd.
1018 3446 1063 3480 ee·

36 3493 39 3636 ῑ
90 3505 147 3552 dem
166 3517 215 3566 quo
235 3502 260 3550 in
275 3502 331 3554 Gal.
351 3505 376 3566 4,
397 3505 444 3554 157
464 3519 564 3557 errore.
612 3501 634 3568 ⁵)
652 3507 748 3569 partes
768 3501 824 3552 Gai.
844 3491 928 3562 τάξιν
949 3497 1061 3563 ΤΙιεερΙι,

38 3637 41 3710 ἱ
846 3583 910 3644 13*
