2464 3916
186 207 247 272 122
354 226 390 261 nu
409 224 542 261 nouorum
561 225 798 265 rossussxomsus
816 210 867 274 111,
885 213 902 261 9
920 209 983 275 (to).

116 376 172 444 θῶ)
187 383 266 442 quam
290 375 400 440 praetor
423 367 551 440 proximis
584 369 706 442 cognatis
733 367 887 442 pollicetur.
932 367 1052 442 Cumque
1075 378 1134 425 antea

182 453 297 525 septimo
323 450 385 508 locu
411 451 499 507 luerat
525 451 657 508 bonorum
684 453 822 526 possessio
846 445 989 526 tauquam¹
1008 469 1039 508 ex
1055 453 1134 510 familia

183 543 210 591 et
226 543 320 592 octavo
337 535 409 592 uude
423 535 500 591 liberi
521 537 628 610 patroni
643 545 829 612 patronaeque
850 545 877 593 et
898 545 1025 611 parentes
1049 555 1134 609 corun,

182 628 325 693 utramque
340 637 390 694 pcr
404 622 627 676 constitutionem
648 615 802 693 nostrum,²
824 639 903 695 quam
926 621 959 678 de
980 624 1040 678 iure
1061 632 1135 696 patro·

182 713 261 760 natus
277 705 400 776 fecimus,
416 706 525 778 penitus
540 706 723 762 vacuavimus:
739 722 799 761 cum
815 708 885 762 euim
901 706 933 761 ad
949 707 1135 764 similitudinem

183 790 363 848 successionis
387 791 568 864 ingenuorum
595 789 783 848 libertinorum
799 793 986 848 successiones
1001 793 1136 866 posuimus,

90 911 93 918 -
183 889 250 946 quas
266 889 353 948 usque
374 873 405 928 ad
423 875 546 948 quintum
562 873 749 930 terrlumruodo
769 875 883 948 gradum
904 879 1091 948 coenavimus,
1115 886 1137 932 ut

183 959 219 1014 sit
234 958 323 1032 aliqua
338 960 411 1014 inter
424 959 559 1032 ingenuos
575 967 602 1015 et
617 958 730 1015 libertos
751 959 916 1032 differentis,
939 954 1096 1018 sulliciuut³
1108 963 1136 1016 eis

183 1051 236 1099 tam
252 1051 344 1100 contre
360 1041 464 1098 tabulas
480 1043 614 1100 bonorum
637 1045 775 1118 possessio
796 1061 875 1119 quam
898 1043 968 1100 unde
989 1045 1101 1119 legitimi
1118 1055 1137 1100 et

183 1127 256 1183 unde
271 1129 395 1200 cognati,
411 1143 444 1183 ex
460 1127 557 1202 quibus
572 1130 679 1202 possint
695 1146 742 1184 sua
757 1131 815 1184 iura
826 1129 971 1200 vindicare,
989 1132 1061 1185 omui
1077 1147 1138 1186 seru·

94 1266 101 1277 ,
182 1211 328 1284 pulositate
344 1221 371 1267 et
386 1212 563 1268 inextricabili
578 1229 671 1268 errore
686 1213 798 1269 duarum
814 1215 924 1270 istarum
940 1213 1074 1270 bonorum
1088 1232 1143 1289 pos,

115 1291 174 1354 t(6)
187 1297 339 1352 sessionum
359 1296 490 1352 resoluta.
522 1297 606 1352 Aliam
623 1315 686 1354 vero
701 1297 833 1354 bonorum
848 1301 1067 1372 possessionem,
1083 1316 1138 1372 quae
1203 1309 1204 1318 ³

184 1380 254 1436 unde
269 1382 309 1436 vir
324 1389 352 1436 et
369 1397 438 1436 uxor
453 1381 603 1456 appelletur
624 1391 651 1438 et
671 1399 745 1438 nono
766 1382 827 1438 loco
848 1385 920 1438 iuter
940 1391 1045 1440 veteres
1065 1383 1139 1440 hono·

182 1481 242 1520 rum
256 1467 444 1539 possessiones
470 1468 558 1540 posita
580 1467 682 1538 lueret,
711 1475 738 1523 ct
759 1469 785 1523 in
807 1485 857 1523 suo
878 1469 973 1542 vigore
988 1470 1138 1524 servavimus

182 1558 210 1606 ct
225 1551 320 1606 altiore
335 1550 412 1622 loco,
428 1550 455 1606 id
470 1559 513 1607 est
528 1560 621 1623 sexto,
638 1569 695 1607 eam
710 1554 867 1626 posuimus,
888 1552 990 1609 decima
1005 1555 1089 1609 veteri
1100 1553 1138 1608 bo·

182 1651 278 1691 norum
302 1637 492 1710 possessione,
525 1653 593 1710 quae
625 1646 681 1694 erat
707 1637 778 1693 unde
804 1639 913 1712 cognati
938 1639 1139 1707 manumissoris,

182 1728 295 1794 propter
320 1737 413 1777 causas
440 1723 574 1777 enarratas
600 1723 698 1780 merito
713 1721 830 1778 sublata:
857 1731 886 1778 ut
901 1739 947 1777 sex
966 1721 1138 1778 tantummodo

181 1804 315 1860 bonorum
336 1806 524 1879 possessiones
546 1807 695 1862 ordinariae
716 1813 889 1881 permaneant
911 1823 962 1862 suo
983 1809 1077 1881 vigore
1090 1805 1139 1880 pol·
1204 1863 1205 1904 p

114 1886 171 1951 Sili
184 1889 281 1945 lentes.
323 1889 440 1964 Septima
465 1907 509 1946 ees
530 1899 636 1964 secuta,
662 1908 740 1966 quam
767 1891 866 1964 optima
886 1892 990 1948 ratione
1011 1898 1139 1965 praetores
1204 1913 1205 1966 r

181 1973 401 2032 introduxerunt.
439 1976 583 2032 novissime
610 1978 679 2032 enim
704 1976 872 2050 promittitur
896 1975 985 2032 edicto
1010 1976 1051 2032 his
1070 1977 1139 2030 etiam

182 2057 316 2116 bonorum
332 2061 481 2134 possessio,
498 2059 597 2135 quibus
614 2069 644 2116 ut
659 2061 755 2134 detur,
778 2060 840 2134 lege
855 2060 896 2117 vel
913 2059 1139 2116 senatusconsulto

182 2145 225 2200 vel
240 2146 436 2202 constitutione
462 2147 686 2220 comprehensum
713 2155 770 2216 est,
796 2161 875 2218 quam
902 2161 990 2219 neque
1016 2143 1141 2200 bonorum

180 2229 416 2302 possessionibus,
443 2247 511 2303 quae
533 2229 565 2285 ab
579 2233 709 2286 intestato
724 2231 845 2300 veniunt,
866 2247 954 2303 neque
969 2232 1018 2302 eis,
1035 2244 1098 2303 quae
1113 2245 1141 2283 ex

181 2321 344 2370 testamento
360 2323 440 2386 suut,
460 2324 570 2388 praetor
584 2315 673 2371 stabili
693 2317 753 2370 iure
773 2315 991 2386 connumeravit,
1012 2314 1059 2370 sed
1073 2313 1141 2386 quasi

181 2397 306 2452 ultimum
322 2407 350 2453 et
365 2398 605 2474 extraordinarium
620 2400 757 2471 auxilium,
773 2406 856 2473 prout
870 2415 914 2455 res
930 2399 1030 2474 exigit,
1046 2413 1140 2454 accom-

181 2481 299 2536 modavit
314 2481 416 2537 scilicet
432 2483 489 2554 his,
506 2483 552 2555 qui
567 2500 600 2538 ex
615 2483 732 2558 legibus,
748 2483 1002 2556 senatusconsultis,
1018 2483 1142 2540 coustitu-

182 2564 301 2622 tionibus
328 2568 479 2640 principum
500 2584 533 2622 ex
548 2585 619 2624 novo
635 2563 714 2624 iure4
729 2568 771 2624 vel
787 2585 817 2624 ex
834 2575 997 2625 testamento
1009 2567 1050 2624 vel
1062 2565 1091 2622 ab
1105 2567 1142 2620 in·

114 2645 171 2716 ulit)
185 2658 284 2706 testato
315 2651 436 2707 veniunt.
488 2650 553 2707 Cum
579 2653 665 2728 igitur
691 2653 784 2728 plures
811 2655 915 2727 species
947 2653 1143 2708 successionum

181 2744 291 2810 praetor
316 2736 511 2792 introduxisset
537 2753 636 2812 easque
659 2755 709 2812 per
734 2737 855 2794 ordinem
881 2737 1059 2811 disposuisset
1080 2736 1143 2791 etin

182 2837 342 2894 unaquoque
357 2822 446 2894 specie
458 2823 638 2878 successionis
653 2839 732 2896 saepe
744 2823 835 2895 plures
848 2829 940 2878 extent
953 2821 1052 2895 dispari
1064 2817 1143 2895 gradu

181 2921 326 2977 personae:
342 2921 376 2960 ne
392 2906 510 2962 actiones
535 2907 701 2964 creditorum
717 2900 924 2977 dillerrentur,⁵
945 2906 993 2962 sed
1008 2905 1142 2972 heberent,
1205 2927 1206 2950 t

182 3005 250 3061 quos
267 2990 458 3062 convenirent,
480 2998 507 3046 et
528 3007 563 3046 ne
584 2991 662 3047 facilc
682 2993 709 3046 in
725 2993 927 3065 possessionem
948 2989 1082 3046 bonorum
1102 2987 1142 3042 de-

250 3238 269 3302 ¹)
288 3244 345 3290 lum
373 3255 453 3306 quum
486 3241 596 3305 Tdeopd.
623 3243 698 3292 codd.
718 3244 750 3292 de
774 3242 877 3291 Latinis
903 3241 977 3293 codd.
997 3241 1031 3303 cf.
1053 3245 1104 3290 not.
1123 3237 1143 3284 1.

182 3305 201 3366 2)
221 3308 253 3355 L.
271 3309 297 3359 4.
317 3307 345 3358 0.
365 3310 396 3357 de
414 3310 432 3356 i.
450 3316 553 3370 patron.
573 3306 607 3372 (6,
626 3307 662 3370 4),
731 3305 752 3372 3)
771 3308 797 3357 Β
814 3311 855 3360 ed.
873 3307 924 3361 Kr.
943 3307 1048 3358 sufficit
1069 3307 1092 3355 Τ
1106 3304 1142 3382 ed·
1205 3327 1206 3334 κ

183 3373 255 3422 Scdr.
324 3374 345 3436 ⁴)
363 3375 440 3425 uerbo
460 3390 493 3424 ex
514 3390 586 3425 uovo
608 3377 667 3424 iure
690 3376 827 3440 Tdeopddo
849 3378 970 3440 ignorata
991 3377 1145 3440 glossematis

181 3447 239 3488 sunt
256 3450 383 3504 suspecta.
471 3440 491 3503 ⁶)
511 3457 545 3492 ese
571 3444 645 3492 codd.
667 3443 744 3504 infer.
770 3445 810 3492 ed.
834 3442 907 3494 Scin.
935 3441 1097 3492 differentur
1113 3451 1145 3488 ex

182 3508 257 3558 codd.
276 3515 324 3557 oet.
343 3510 384 3560 ed.
402 3508 453 3561 Kr.
