2484 3916
427 181 463 214 nu
484 179 605 216 cesares
623 165 660 230 ΙΙ,
678 167 719 218 20.
1018 165 1058 228 87

95 325 192 398 eligere
205 322 341 396 cupiente,
356 339 390 378 ne
401 329 495 395 pereat
510 321 631 396 legatum
647 320 731 396 (quod
747 321 870 396 plerique
885 321 1059 396 prudentium

100 416 188 472 eontra
203 406 415 464 benevolentiam
430 405 665 479 introducebant),
686 407 823 464 fortunam
839 423 900 462 esse
915 407 995 464 huius
1012 424 1060 482 op·

96 494 171 552 tionis
185 491 301 548 indicem
316 499 344 548 et
359 498 434 548 sorte
446 507 505 548 esse
522 493 574 548 hoc
583 491 777 563 dirimendum,
793 498 838 564 ut,
855 491 887 546 ad
903 507 983 565 quem
997 508 1059 548 sors

95 578 246 651 perveniat,
262 575 335 632 illius
351 577 487 632 sententia
502 577 529 632 in
547 577 658 650 optione
672 575 828 650 praecellat.

152 661 249 734 bogari
260 667 349 716 autem
364 659 417 716 illis
429 659 495 717 solis
506 667 609 736 potest,
625 677 686 716 curn
698 659 796 734 quibus
812 662 967 716 testamenti
979 660 1059 716 lectio
1078 676 1111 722 24

95 753 143 801 est.
170 744 283 817 Incertis
298 761 363 800 vero
378 747 504 819 personis
524 761 613 818 neque
634 745 724 820 legata
744 761 834 818 neque
854 743 1060 802 fideicommissa
1077 759 1110 808 25

95 830 153 886 olim
168 829 287 903 relinqui
302 845 463 886 concessum
478 837 550 886 erat:
572 846 632 886 narn
653 846 703 886 nec
718 829 795 886 miles
817 828 927 903 quidem
941 831 1059 886 incertae

95 929 219 988 personae
245 920 356 988 poterat
377 914 550 988 relinquere,
575 922 607 970 ut
632 915 708 970 divus
735 913 886 970 Hadrianus
908 915 1058 987 rescripsit.

98 994 209 1054 ¹iucerta
223 1006 316 1054 autem
330 1015 448 1073 persone
462 997 611 1070 videbatur,
627 1015 707 1072 quam
719 1000 820 1056 incerta
832 999 960 1073 opinione
971 999 1059 1054 animo

96 1099 140 1138 sno
160 1090 279 1139 testator
298 1081 456 1155 subiciebat,
477 1083 561 1140 veluti
581 1085 604 1139 si
625 1085 685 1157 quis
706 1084 743 1140 ita
762 1081 848 1140 clieat:
875 1097 1060 1148 durconem:

95 1183 171 1224 rmro
186 1183 250 1224 nuo
274 1184 308 1225 rn
322 1183 546 1226 nernrmonrum
560 1185 671 1226 rnorem
692 1183 776 1226 suan
791 1161 1061 1238 conuocavnretr,²

96 1268 125 1307 arr
137 1267 233 1310 uenere
243 1267 331 1310 arnus
346 1269 443 1310 runnu
453 1269 581 1311 sumnum
592 1268 693 1310 noro:
709 1253 777 1309 illud
791 1269 913 1327 quoque,
929 1252 1003 1326 quod
1019 1253 1061 1308 his

97 1335 309 1410 relinquebatur,
331 1339 377 1411 qui
397 1346 462 1412 post
476 1345 667 1394 testamentum
689 1339 818 1411 scriptum
839 1339 917 1412 primi
933 1336 1059 1393 consules

99 1419 219 1494 designati
235 1430 335 1494 eruut,
357 1439 442 1496 aeque
461 1423 580 1478 incertae
599 1439 732 1497 personae
754 1423 839 1496 legari
854 1421 1009 1476 videbatur:
1033 1429 1061 1475 et

99 1503 202 1578 denique
217 1505 322 1563 multae
337 1507 404 1562 aliae
419 1507 574 1563 huiusmodi
595 1509 698 1581 species
719 1515 792 1562 sunt.
824 1505 933 1562 libertas
950 1519 1061 1579 quoque

98 1606 147 1644 non
160 1590 302 1648 videbatur
315 1607 397 1666 posse
412 1593 531 1648 incertae
551 1607 684 1665 personae
699 1590 772 1662 dari,
794 1591 855 1664 qnia
874 1589 997 1664 placebat
1012 1605 1061 1644 no·

98 1675 207 1730 minatim
226 1693 327 1732 servos
348 1675 466 1732 liberari.
503 1684 579 1748 tutor
599 1692 710 1750 qnoque
731 1682 822 1732 certus
843 1674 901 1730 dari
916 1664 1061 1730 debebat³

98 1757 142 1812 sub
155 1769 225 1818 certa
239 1777 309 1818 vero
325 1761 571 1832 demonstratione,
591 1761 617 1816 id
633 1767 675 1816 est
691 1776 723 1816 ex
737 1762 820 1818 certis
835 1760 960 1833 personis
975 1760 1062 1816 incer·

100 1851 137 1898 tae
149 1861 284 1918 personae
299 1853 373 1902 recte
388 1845 545 1920 legabatur,
567 1846 652 1904 veluti
670 1863 710 1902 ax
727 1861 883 1904 coennrrs
898 1861 989 1914 mers,
1006 1859 1062 1907 our

98 1944 174 1988 nune
194 1947 292 2001 suum,
318 1946 348 1988 s1
370 1946 442 1996 oms
463 1946 572 1988 rrnmu
592 1946 681 1988 nunu
705 1945 834 1988 uxoeuu
854 1945 1008 2000 buxeum,
1029 1944 1063 1985 n1

99 2029 189 2072 neers
203 2030 291 2076 usus
303 2031 400 2072 runnu
410 2032 475 2072 ann
486 2032 580 2074 nero.
607 2016 719 2070 incertis
733 2021 822 2069 autem
834 2013 959 2086 personis
974 2013 1064 2085 legata

100 2097 136 2152 rel
149 2096 355 2156 fideicommissa
366 2099 460 2154 relicta
471 2107 500 2155 et
509 2116 559 2173 per
570 2115 691 2154 errorem
704 2097 795 2154 soluta
805 2097 893 2170 repeti
903 2112 958 2152 non
970 2112 1062 2168 posse,
1120 2145 1129 2156 ‚

100 2184 173 2238 sacris
191 2183 435 2240 constitutionibus
456 2191 564 2240 cantum
584 2191 651 2238 erat.
686 2182 816 2238 Postumo
843 2196 952 2254 qnoque
973 2179 1061 2234 alieno
1080 2181 1113 2230 26

102 2266 223 2324 inutiliter
241 2267 398 2342 legabatur:
424 2277 467 2325 est
488 2276 577 2324 autem
604 2266 706 2322 alicnus
733 2273 893 2340 postumus,
916 2265 963 2337 qui
982 2271 1061 2318 natus

101 2351 163 2406 inter
176 2369 241 2408 suos
256 2353 369 2408 heredes
382 2354 519 2410 testatoris
534 2352 643 2408 iuturus
655 2368 710 2408 non
725 2358 781 2408 est:
796 2349 914 2424 ideoque
929 2366 962 2405 es
973 2365 1062 2404 eman-

101 2435 179 2507 cipato
195 2435 251 2494 filio
268 2445 418 2511 conceptus
430 2454 515 2511 nepos
531 2445 675 2494 extraneus
691 2443 748 2492 erat
762 2442 906 2510 postumus
922 2451 981 2492 avo.
1008 2432 1063 2490 Sed
1081 2435 1115 2484 27

101 2535 144 2574 nec
158 2519 313 2578 huiusmodi
327 2523 432 2596 species
447 2524 556 2596 penitus
571 2523 686 2578 estsine
701 2522 772 2580 iusta
783 2519 971 2576 emendatione
986 2517 1063 2574 dere·

28 2643 30 2652 .
101 2601 171 2676 licta,
192 2623 253 2662 cnm
268 2607 297 2662 in
312 2615 408 2662 nostro
424 2605 516 2663 codiee
531 2599 711 2662 constitutio⁴
731 2607 821 2680 posita
841 2612 898 2674 est,
919 2618 1062 2678 perquam

101 2695 125 2742 et
138 2689 274 2765 huicparti
287 2684 473 2748 medevimus⁵
487 2707 543 2748 non
558 2691 647 2748 solum
658 2693 686 2746 in
698 2686 966 2764 hereditatibus,sed
983 2687 1062 2740 etiam

100 2772 124 2826 iu
138 2773 232 2850 legatis
248 2783 276 2832 et
292 2773 522 2832 fideicommissis:
538 2775 613 2849 quod
627 2773 767 2832 evidenter
781 2791 814 2830 er
828 2773 912 2848 ipsius
928 2770 1062 2828 constitu-

101 2857 174 2916 tionis
189 2860 306 2918 lectione
321 2861 455 2918 clarescit.
487 2868 562 2918 tutor
577 2867 666 2916 entem
687 2875 738 2917 nec
757 2876 807 2934 per
827 2863 947 2916 nostram
962 2857 1063 2912 consti·

106 3023 296 3034 --.—————.-

28 3183 30 3198 ¹
164 3125 182 3188 1)
199 3127 241 3188 55.
259 3129 301 3178 25.
319 3129 408 3182 26.=
423 3128 479 3180 Gai.
498 3130 527 3187 2,
546 3127 782 3180 ⁶238...241mot.
863 3123 885 3187 ²)
903 3127 941 3176 aio
956 3125 1063 3187 Gaios.

106 3189 209 3256 Tleopb.
228 3193 337 3246 dederit
354 3196 383 3246 id
396 3200 438 3248 est
450 3195 630 3248 collocaverit
647 3195 722 3244 codd.
735 3200 783 3243 vet.
803 3199 828 3244 et
837 3195 957 3258 plerique
974 3195 1062 3242 ceteri.

28 3277 32 3320 ¹,
104 3255 204 3310 dederit
222 3263 263 3312 ed.
281 3261 355 3314 Selzr.
439 3263 461 3327 ⁸)
480 3269 555 3315 tutor
577 3279 603 3328 q.
622 3278 645 3313 e.
666 3261 692 3311 d.
716 3260 838 3312 debebat
861 3261 917 3311 uas.
947 3259 993 3308 W*
1010 3275 1064 3308 cum

101 3327 185 3384 neoda
200 3329 277 3390 infer.
295 3346 343 3384 om.
361 3330 491 3383 BPEWl’
513 3331 625 3396 Tdeoplt.
703 3326 723 3391 ⁴)
743 3344 808 3395 quoe
824 3329 914 3393 pettit.
933 3326 967 3388 cf.
986 3325 1019 3374 L.
1039 3328 1062 3375 l.

105 3389 130 3442 0·
150 3395 181 3446 de
197 3397 247 3447 inc.
264 3414 334 3462 pers.
354 3399 387 3464 (6,
405 3399 458 3463 48).
522 3396 542 3465 ⁵)
561 3403 599 3451 cic
615 3395 742 3458 BEth,
762 3395 932 3448 medebimur
949 3392 1063 3444 1²me

104 3459 237 3515 medemur
248 3468 299 3518 olii.
749 3521 754 3528 ,
