2484 3916
295 205 330 240 oc
352 204 515 240 nunnoreus
534 203 737 240 rnsrrruunore
756 191 793 254 11,
815 192 854 241 14.
1020 189 1059 252 71

93 347 205 404 heredes
222 345 310 402 iacere
330 346 401 402 licet.
443 339 600 402 ¹Hereditas
620 345 783 421 plerumque
803 345 931 402 dividitur
952 349 978 402 in
994 346 1061 404 duo·
1079 355 1111 405 5-

92 432 177 488 decim
197 433 305 502 uncias,
336 446 404 504 quae
425 432 491 487 assis
521 430 702 504 appellatione
731 431 916 488 continentur.
961 429 1062 488 habent

91 524 181 572 autem
196 522 225 572 et
244 516 293 571 hae
314 521 406 590 partes
423 516 533 590 propria
548 516 657 572 nomina
672 514 705 570 ab
720 516 798 570 nucia
813 532 900 590 usque
915 515 948 572 ad
964 532 1061 586 assem,

92 608 122 656 ut
141 607 208 674 puta
228 601 309 656 haec:
335 601 428 672 uncie,
453 593 596 672 sextans,²
618 599 767 673 quadrans,
789 601 890 674 triens,
912 602 1060 675 quincunx,

90 687 188 756 semis,
203 691 336 758 septunx,
351 683 409 755 bes,
425 684 553 757 dodrans,
569 684 692 756 dextans,
708 683 814 755 deunx,
830 701 869 740 as.
899 701 956 741 non
972 680 1061 741 autern

89 771 186 843 utique
207 768 349 824 duodecim
370 770 461 825 uncias
483 785 542 826 esse
563 776 681 842 oportet.
720 785 780 824 nam
802 776 846 826 tot
860 771 954 825 unciae
974 786 1062 826 assem

90 852 229 926 efficiunt,
251 861 320 926 quot
339 859 456 910 testator
477 853 610 926 voluerit,
632 855 701 910 etsi
723 871 806 910 uuum
827 861 933 910 tantum
953 855 1013 927 quis
1029 871 1061 909 er

90 939 202 994 semisse
223 935 296 994 verbi
319 941 407 1012 gratia
427 937 555 996 heredem
574 939 729 1013 scripserit,
756 945 832 996 totus
853 955 881 994 as
902 940 931 994 in
951 940 1062 994 semisse

90 1025 153 1078 en't:
175 1039 265 1097 neque
280 1023 351 1078 euim
371 1023 443 1078 idem
458 1039 490 1079 ex
504 1031 582 1098 parte
597 1031 713 1080 testatus
729 1031 805 1080 etex
824 1029 901 1098 parte
915 1024 1062 1080 intestatus

89 1106 221 1164 decedere
236 1113 344 1180 potest,
360 1108 412 1162 nisi
427 1109 463 1164 sit
478 1107 569 1180 miles,
586 1110 663 1164 cuius
678 1107 736 1164 sola
751 1107 877 1164 voluntas
892 1109 921 1163 in
935 1107 1060 1168 testando

88 1198 237 1265 spectatur.
268 1198 297 1246 et
312 1208 327 1246 c
342 1193 479 1248 contrario
494 1200 588 1266 potest
602 1194 662 1266 quis
677 1193 706 1248 iu
722 1201 953 1266 quantascumque
967 1191 1061 1248 volue-

88 1278 125 1330 rit
138 1276 269 1349 plurimas
285 1277 377 1332 uncias
393 1293 468 1332 suam
489 1276 669 1334 hereditatem
689 1276 817 1334 dividere.
858 1277 886 1332 st
906 1277 999 1350 plures
1020 1277 1061 1332 in·
1079 1280 1095 1328 6

89 1361 253 1430 stituantur,
275 1361 314 1416 ita
324 1347 442 1416 ‘demum
468 1363 585 1435 partium
605 1361 761 1418 distributio
782 1362 931 1418 necessaria
954 1369 1012 1432 est,
1039 1363 1062 1415 si

89 1443 162 1500 nolit
183 1451 297 1500 testator
319 1461 367 1500 eos
387 1461 420 1500 ex
434 1447 528 1518 aequis
544 1445 665 1519 partibus
681 1447 795 1502 heredes
811 1462 885 1502 esse:
909 1446 974 1500 satis
990 1446 1060 1500 enim

89 1535 214 1600 constat,
234 1528 317 1584 uultis
337 1529 458 1602 partibus
474 1531 635 1602 nominatis,
657 1531 749 1602 aequis
765 1528 935 1604 expertibus
951 1545 998 1584 eos
1014 1528 1061 1584 he·

86 1613 167 1669 redes
184 1629 251 1669 esse.
288 1613 410 1688 partibus
425 1621 515 1670 autem
535 1616 563 1670 in
584 1613 753 1688 quorundam
774 1614 900 1689 personis
915 1613 1061 1686 expressis,

87 1699 109 1752 si
125 1697 271 1772 quisalius
287 1699 346 1754 sine
365 1705 443 1772 parte
460 1699 614 1754 nominatus
630 1700 698 1770 erit,
719 1701 742 1756 si
763 1698 872 1772 quidem
890 1697 980 1771 aliqua
998 1713 1060 1770 pars

86 1783 138 1837 assi
156 1781 261 1853 deerit,
277 1799 310 1838 en
325 1799 355 1838 ea
369 1790 448 1856 perte
463 1783 542 1840 heres
557 1781 599 1855 fit,
615 1791 643 1840 et
657 1785 681 1839 si
695 1784 788 1857 plures
803 1784 860 1840 sine
875 1789 952 1856 parte
967 1783 1062 1856 scripti

87 1875 168 1938 sunt,
186 1882 279 1922 omues
294 1869 322 1922 iu
338 1867 430 1924 cadem
445 1875 522 1941 parte
538 1875 711 1925 concurrent.
742 1870 840 1925 sivero
856 1875 933 1924 totus
948 1884 976 1922 as
988 1883 1061 1924 coru·

87 1951 182 2025 pletus
197 1952 250 2022 sit,
265 1953 294 2006 in
308 1959 412 2024 partem
428 1951 564 2010 dimidiam
579 1945 729 2010 vocantur³
750 1960 779 2008 et
793 1953 839 2008 ille
854 1953 896 2008 vel
911 1951 951 2006 illi
967 1967 1061 2008 omnes
1133 2015 1136 2020 ι

87 2037 112 2090 iu
127 2036 244 2092 aiteram
259 2035 402 2092 dimidiam.
433 2053 483 2092 nec
498 2039 627 2108 interest,
643 2038 746 2109 primus
762 2053 796 2092 au
807 2036 912 2091 medius
927 2051 961 2090 au
971 2037 1061 2090 novis-

88 2122 174 2176 simus
189 2121 248 2176 siue
269 2127 346 2194 parte
362 2122 479 2195 scriptus
500 2123 549 2176 sit:
576 2137 607 2175 ea
622 2122 693 2175 enim
714 2137 776 2193 pars
798 2119 860 2174 data
879 2118 1060 2191 intellegitur,

88 2221 157 2278 quac
174 2211 258 2262 vacat.
297 2204 455 2276 VideamuS,
480 2207 502 2260 si
522 2221 584 2278 pars
605 2204 693 2277 aliqua
714 2210 790 2259 vacet
809 2219 861 2258 nec
882 2209 972 2258 tomen
987 2203 1095 2274 quis-7

88 2306 170 2362 (quam
185 2290 244 2344 sine
264 2296 341 2362 parte
356 2289 436 2346 heres
451 2291 594 2346 institutus
614 2290 666 2358 sit,
688 2286 753 2364 quid
768 2287 835 2343 iuris
851 2287 904 2342 sit?
938 2285 1023 2342 veluti
1039 2286 1061 2341 si

86 2383 142 2429 tres
162 2389 194 2428 ex
211 2373 313 2446 quartis
334 2372 454 2446 partibus
472 2372 586 2429 heredes
603 2373 695 2446 scripti
711 2379 785 2428 sunt.
821 2378 850 2427 et
870 2378 994 2442 constat,
1016 2387 1060 2426 va-

85 2465 196 2514 cantem
211 2464 316 2531 partem
330 2458 445 2532 siugulis
461 2459 542 2514 tacite
556 2475 607 2532 pro
623 2456 784 2513 hereditaria
798 2463 875 2530 parte
890 2455 1018 2512 accedere
1034 2463 1061 2511 et

86 2541 202 2616 perinde
217 2540 325 2614 haberi,
347 2559 377 2598 ac
392 2543 414 2598 si
430 2560 463 2598 ex
477 2543 565 2598 tertiis
579 2540 701 2616 partibus
716 2541 830 2597 heredes
845 2541 940 2614 scripti
954 2547 1061 2596 essent:

88 2636 166 2682 etex
181 2626 288 2682 diverso
309 2628 332 2682 si
351 2625 412 2700 plus
433 2643 492 2683 asse
506 2629 534 2684 in
554 2625 726 2700 portionibus
747 2619 819 2697 εἰῐ,4
844 2626 925 2681 tacite
946 2624 1061 2698 singulis

89 2711 264 2782 decrescere,
285 2719 332 2783 ut,
348 2713 371 2766 si
386 2711 460 2767 verbi
475 2713 562 2786 gratia
578 2718 708 2785 quattuor
723 2727 756 2766 es
771 2709 860 2766 tertiis
875 2707 998 2782 partibus
1013 2709 1060 2762 he·

90 2859 297 2869 Μ

159 2943 180 3006 ²)
199 2946 253 2994 init.
272 2965 306 2986 =
327 2945 357 2993 L.
377 2945 418 2994 50.
437 2941 545 3004 ΜΒ.
564 2945 596 2993 de
613 2943 667 2992 laer.
686 2945 745 2994 inst.
767 2939 858 3005 (28,5)
879 2957 914 2992 eac
935 2941 995 3004 Ulp.
1015 2941 1061 2991 to

89 3028 144 3076 rep.
213 3011 235 3075 ²)
253 3013 367 3064 nonnulli
383 3011 459 3063 codd.
485 3012 564 3073 inser.
595 3011 706 3075 Tleeopt.
732 3009 815 3058 uncie
840 3025 887 3060 om.
915 3009 992 3061 codd.
1013 3015 1062 3060 oet.

90 3081 151 3144 nep.
178 3081 237 3130 edd.
262 3079 338 3130 Scir·
365 3086 392 3128 et
408 3079 460 3128 Kr.
485 3080 533 3130 sed
559 3093 665 3128 sexnnx
692 3077 738 3128 vel
765 3081 879 3128 sextans
901 3076 934 3126 1¹
960 3090 1062 3127 secunx

90 3151 204 3198 sextans
219 3147 245 3204 0,
264 3148 306 3199 ubi
317 3149 395 3212 prior
411 3161 464 3197 oooe
482 3161 517 3197 eor
534 3147 587 3196 hee
604 3147 688 3196 uncia
710 3147 810 3195 uidetur
833 3152 917 3198 enata.
999 3141 1019 3205 ³)
1042 3141 1066 3190 T

92 3223 117 3265 et
144 3216 180 3279 cs.
201 3215 314 3281 Theopd.
341 3216 390 3266 sed
413 3221 474 3279 post
498 3218 607 3280 partem
632 3214 733 3264 videtur
750 3213 772 3260 ii
789 3213 927 3264 eccidisse.
946 3214 1063 3262 vocatur

91 3282 168 3334 ABG
185 3285 225 3335 ed.
243 3283 294 3335 Kr.
348 3281 369 3344 4)
387 3283 490 3348 scripsi.
509 3281 532 3332 si
549 3281 611 3347 plus
627 3281 657 3330 iu
675 3297 701 3346 p.
715 3280 753 3330 eit
764 3280 789 3329 Α
803 3281 844 3332 ed,
857 3279 908 3328 Kr.
926 3279 952 3327 ei
969 3276 1062 3341 plures

90 3351 168 3415 inp.
193 3353 231 3403 eit
256 3351 324 3416 (sint
344 3351 368 3400 T
391 3352 432 3401 ed.
451 3348 539 3412 Scor.)
561 3348 610 3399 To.
637 3365 723 3399 aerum
750 3349 906 3398 demonstrat
936 3342 1061 3406 Theopdc
1219 3359 1220 3392 t

90 3410 310 3551 pipqepdpqocdr
331 3410 467 3471 δυώδεκα
489 3407 619 3484 eripaldo.
646 3417 681 3480 es.
705 3416 739 3466 L.
759 3416 798 3468 18.
818 3414 850 3464 I).
876 3414 908 3462 de
926 3412 980 3464 der.
1000 3411 1060 3459 inst.
1157 3461 1160 3468 ,
1217 3449 1220 3466 ,
