2484 3916
174 195 215 262 88
519 211 555 248 on
573 209 695 248 necuere
713 197 750 260 11,
768 199 811 251 20.

174 357 308 412 tutionem
329 355 448 419 incertus
470 353 526 409 duri
548 347 659 424 debet‚¹
684 355 745 427 quia
765 362 840 410 certo
864 353 964 410 iudicio
986 353 1068 410 debet
1085 356 1147 428 quis

123 450 156 500 28
173 456 224 514 pro
249 437 332 494 tutela
355 455 420 494 suae
443 439 596 511 posteritati
617 454 719 496 cerere.
759 446 903 512 postumus
930 445 1020 494 eutem
1044 438 1149 494 chenus

176 523 256 579 heres
271 523 378 579 institui
393 529 420 578 et
435 529 514 578 antec
528 528 635 596 poteret
650 529 760 578 etnunc
774 529 876 598 potest,
892 524 944 579 nisi
960 525 987 579 in
998 529 1079 580 utero
1092 522 1151 579 eius

124 620 156 668 no
175 609 226 678 sit,
243 623 311 680 quac
325 608 385 663 iure
399 599 513 663 nostra²
534 623 603 662 uxor
623 623 683 662 csse
703 623 758 664 non
778 615 880 681 potest.
917 606 945 664 Si
960 599 1043 681 quis³
1058 609 1087 662 in
1102 625 1152 664 no·

175 692 257 762 mine,
273 691 446 765 cognomine,
458 693 632 765 praenomine
648 690 772 766 legatarii
787 693 918 748 erraverit
934 699 1060 764 testator,
1077 694 1100 748 si
1116 692 1151 747 de

175 791 292 849 persone
307 783 431 846 constet,
447 775 533 832 nihilo
549 777 638 832 minus
654 775 725 832 velet
739 774 870 851 legatum.
906 775 976 832 idem
996 777 1025 832 in
1040 775 1150 832 heredi-

175 860 225 915 bus
241 867 378 916 servetur:
394 868 422 916 et
437 868 526 929 recte3
542 861 652 916 nomine
666 861 736 915 enirn
752 857 992 934 significandorum
1007 860 1151 916 hominum

176 945 261 1019 gretie
277 953 385 1020 reperte
405 952 486 1016 sunt,
509 945 554 1018 qui
575 945 598 999 si
619 941 742 1018 quolibet
764 943 816 1000 elio
839 944 921 1001 modo
941 944 1151 1019 intellegentur,

125 1041 157 1090 30
177 1029 244 1085 nihil
260 1031 384 1084 interest.
414 1027 483 1084 Huic
497 1029 618 1102 proxima
634 1035 677 1084 cst
691 1027 736 1083 ille
751 1029 818 1084 iuris
833 1029 938 1104 regule,
955 1027 1023 1084 false
1038 1028 1151 1084 demon·
1236 1021 1237 1070 ἶ

175 1115 305 1168 stratione
331 1113 452 1187 legatum
476 1129 532 1170 non
557 1114 677 1186 peremi,
708 1112 791 1168 veluti
816 1114 839 1168 si
867 1114 989 1187 quisita
1017 1111 1151 1187 legaverit

177 1213 314 1254 srrcuuu
337 1213 460 1256 suevum
480 1214 570 1255 unuin
591 1213 718 1254 vesunu
731 1213 775 1254 no
790 1213 889 1255 nuce:
916 1197 980 1254 licet
1000 1199 1072 1253 enim
1094 1214 1152 1253 non
1236 1213 1237 1246 l

175 1297 272 1353 verne,
288 1281 337 1337 sed
352 1290 458 1356 emptus
474 1284 525 1354 sit,
548 1281 581 1337 de
597 1297 676 1338 servo
692 1290 781 1337 tamen
796 1291 918 1354 constet,
934 1281 1002 1338 utile
1016 1289 1060 1337 est
1075 1281 1151 1356 lege-

174 1375 243 1421 tum.
275 1376 303 1422 ct
318 1368 511 1422 convenienter
526 1368 549 1421 si
565 1368 602 1422 ite
618 1365 844 1422 demonstraverit
860 1381 998 1425 urrunnu
1010 1381 1149 1437 suevum,
1236 1371 1237 1410 l

178 1465 264 1516 Qunu
280 1468 300 1507 n
317 1467 387 1509 suro
403 1467 470 1522 nur,
486 1452 576 1524 sitque
591 1449 623 1506 nh
638 1448 690 1506 elio
707 1459 824 1525 emptus,
841 1451 907 1508 utile
920 1451 1041 1526 legatum
1056 1459 1111 1521 cst,
1128 1453 1151 1506 si

125 1547 156 1597 31
176 1534 304 1592 deservo
320 1543 436 1592 constet.
472 1535 567 1610 Longe
587 1536 673 1608 magis
693 1535 784 1609 legato
805 1534 870 1591 lelse
891 1553 970 1592 ceusu
985 1552 1041 1592 non
1056 1545 1150 1592 nocet.

176 1619 260 1676 veluti
274 1637 335 1676 cum
351 1621 459 1692 itaquis
471 1619 584 1676 dixerit:
600 1635 700 1692 mmo,
715 1636 791 1684 oum
801 1635 942 1678 cessure
953 1639 996 1678 un
1007 1636 1151 1678 mucoris

175 1721 240 1763 uun
252 1719 399 1776 cunnvrn,
412 1719 549 1763 srrcnnu
559 1719 602 1762 no
611 1719 706 1776 unco,
718 1704 761 1759 vel
772 1705 822 1760 ite:
835 1721 933 1776 nimo,
943 1709 1020 1770 omn¹
1030 1721 1151 1772 eureo-

177 1803 351 1847 ermenius
367 1805 515 1846 euerritur
531 1805 660 1846 eorunm
671 1805 847 1848 nrsnnnrus
863 1805 935 1861 suu,
952 1803 1090 1847 srrcnuu
1104 1805 1150 1846 no

175 1888 274 1932 nnec:
290 1871 354 1928 licet
369 1875 440 1930 enirn
451 1889 541 1948 neque
552 1875 662 1947 negotia
678 1873 816 1930 testatoris
828 1890 954 1948 umquem
966 1875 1053 1948 gessit
1062 1873 1150 1930 Titius

177 1973 265 2031 neque
280 1958 431 2031 patrocinio
448 1959 506 2014 eius
522 1956 651 2013 liberatus
668 1967 725 2028 est,
747 1957 867 2033 legatum
882 1966 973 2014 temen
988 1957 1067 2014 velet.
1097 1958 1149 2013 sed

177 2043 199 2098 si
216 2040 439 2098 condicionaliter
454 2043 593 2098 enuntiata
608 2041 690 2098 luerit
705 2057 798 2113 causo,
814 2042 886 2098 eliud
901 2043 968 2098 iuris
984 2049 1042 2114 est,
1064 2043 1150 2098 veluti

176 2128 228 2183 hoc
242 2125 338 2183 modo:
360 2142 466 2198 r1r10,
483 2141 512 2182 s1
530 2142 671 2184 uuoorrn
685 2143 750 2184 uun
766 2119 933 2197 cueuvrr‚⁴
953 2143 1082 2185 runcum
1103 2142 1148 2183 no

125 2221 157 2271 32
175 2227 269 2270 nnec.
302 2204 362 2266 ⁵An
376 2227 456 2267 servo
476 2211 585 2267 heredis
604 2219 679 2267 recte
693 2211 832 2286 legemus,
856 2212 1005 2284 quaeritur.
1040 2217 1069 2267 et
1083 2227 1150 2268 con-

175 2305 239 2368 stet,
255 2311 323 2369 pure
337 2295 470 2350 inutiliter
484 2295 570 2369 legari
581 2311 631 2350 nec
642 2295 787 2370 quidquem
796 2293 940 2370 proficere,
955 2297 978 2352 sl
988 2297 1049 2352 vivo
1066 2303 1149 2352 teste·

175 2387 237 2435 tore
258 2379 291 2433 de
307 2385 443 2452 potestate
458 2378 566 2434 heredis
582 2379 693 2451 exierit,
709 2382 770 2454 quie
786 2380 859 2455 quod
874 2381 971 2436 inutile
985 2380 1058 2437 ieret
1071 2380 1147 2454 lege·

174 2472 249 2534 tum,
271 2463 294 2517 si
315 2463 406 2517 stetim
427 2469 491 2535 post
511 2461 611 2518 lectum
628 2470 819 2520 testamentum
840 2464 1001 2521 decessisset
1023 2471 1147 2536 testator,
1237 2461 1238 2478 ¹

176 2549 229 2604 hoc
244 2563 300 2602 non
315 2544 397 2601 debet
411 2545 472 2601 ideo
487 2546 592 2618 velere,
615 2549 677 2620 quie
698 2548 800 2604 diutius
824 2557 939 2605 testator
959 2550 1064 2605 vixerit.
1095 2547 1147 2605 suh

176 2630 335 2689 condicione
350 2647 415 2686 vero
431 2637 505 2686 recte
520 2629 637 2704 legetur,
653 2639 685 2688 ut
698 2634 878 2706 requiramus,
894 2650 937 2705 an,
953 2649 1008 2707 quo
1025 2641 1148 2708 tempore
1237 2701 1238 2714 χ

125 2729 158 2779 33
177 2716 233 2773 dies
249 2715 333 2791 legali
343 2715 424 2787 cedit,
434 2717 461 2770 in
473 2721 609 2788 potestate
620 2715 729 2772 heredis
740 2733 796 2772 non
808 2719 852 2773 sit.
879 2715 917 2772 ux
928 2716 1034 2773 diverso
1048 2717 1149 2774 herede
1237 2743 1238 2782 i

175 2801 302 2857 instituto
318 2815 408 2870 servo,
430 2801 495 2873 quin
513 2799 623 2856 domino
638 2808 713 2856 recte
728 2802 808 2856 etiem
823 2803 881 2858 sine
897 2800 1057 2860 condicione
1071 2801 1149 2876 lege·
1237 2795 1238 2840 Τ

177 2891 232 2954 tur,
248 2901 303 2940 non
319 2881 466 2938 dubitetur.
498 2901 558 2940 nem
573 2893 601 2940 et
616 2887 638 2940 si
653 2886 743 2940 stetim
758 2893 823 2960 post
838 2885 937 2942 lectum
953 2892 1148 2942 testamentum
1237 2889 1238 2962 J

176 2969 325 3024 decesserit
340 2973 471 3039 testator,
492 2962 653 3024 nontamen
673 2968 744 3042 epud
765 2986 842 3041 eum,
866 2972 911 3044 qui
927 2970 1006 3026 lreres
1021 2971 1074 3041 sit,
1090 2969 1149 3025 dies
1237 2979 1238 2986 ’

175 3053 258 3126 legati
274 3051 371 3108 cedere
385 3051 570 3128 intellegitur,
593 3070 653 3109 cum
669 3053 803 3109 heredites
824 3071 839 3109 e
859 3054 951 3130 legato
973 3063 1096 3128 seperate
1113 3056 1151 3110 sit

178 3201 381 3210 ..-.-..—-—-—

245 3283 264 3348 ¹)
284 3283 358 3336 codd.
378 3285 456 3348 infer.
475 3284 577 3335 debeat
595 3286 669 3336 codd.
688 3292 737 3335 cet.
756 3287 797 3339 ed.
809 3285 860 3338 Kr.
913 3283 933 3348 ²)
952 3285 1020 3336 EW
1034 3285 1151 3350 Theoplc.

175 3357 270 3403 nostro
288 3352 313 3401 B
331 3353 371 3404 cd.
392 3351 468 3402 Scdr.
549 3351 569 3416 ³)
588 3352 627 3402 El
649 3352 760 3416 Theoph.
781 3353 845 3417 quid
864 3353 925 3402 BE·
943 3355 984 3408 ed.
1003 3353 1054 3407 Kr.
1128 3352 1151 3418 ⁴)

179 3421 291 3485 Tdeoplr.
309 3421 415 3484 plurimi
430 3421 504 3470 codd.
524 3421 664 3470 curaverit
682 3421 755 3472 codd.
774 3427 822 3470 cet.
842 3421 882 3474 ed.
902 3421 951 3470 Kr.
1011 3417 1031 3488 δ)
1051 3421 1091 3482 ἕξ.
1107 3423 1153 3475 32.

175 3490 208 3539 33
226 3509 260 3528 =
280 3487 336 3542 Gai.
353 3489 377 3547 2,
395 3488 454 3538 244.
472 3488 522 3542 245
539 3493 598 3538 mut.
