2486 3916
163 227 206 290 30
252 243 288 277 nn
308 239 509 277 sarrsnnnrone
529 239 663 276 rocosum
681 238 735 274 nnn
756 225 973 289 cunnronuu1‚
995 226 1041 274 24.

161 400 212 440 neo
227 392 317 438 tamen
340 380 527 438 fraudulenter
546 382 658 454 negotia
678 379 863 450 administrat,
885 378 959 434 solet
976 381 1002 434 ei
1024 387 1153 436 curator

159 467 278 542 adiungi.
315 468 379 522 item
400 468 427 522 in
448 465 538 520 locum
553 472 691 536 tutorum,
713 465 831 537 quinon
846 464 874 519 in
889 471 1074 537 perpetuum,
1094 465 1151 520 sed

158 551 190 608 ad
207 560 313 624 tempus
330 568 343 605 a
358 549 444 608 tutela
459 556 637 619 excusantur,
653 547 743 603 solent
757 555 899 603 curatores
916 547 985 602 dari.

124 636 140 683 6
221 634 325 702 Quodsi
339 642 417 690 tutor
432 632 543 688 adversa
563 630 715 688 valetudine
735 631 778 686 vel
799 631 850 686 alia
865 633 1034 688 necessitate
1049 635 1151 706 impe·

158 720 241 791 ditur,
258 735 313 792 quo
328 720 416 774 minus
431 718 542 791 negotia
561 715 658 790 pupilli
671 714 859 771 administrare
879 717 981 790 possit,
999 725 1028 772 et
1043 719 1150 790 pupil-

157 803 200 860 lus
217 803 258 860 vel
274 802 342 859 absit
357 802 400 859 vel
415 800 502 856 inians
518 802 564 872 sit,
581 817 661 874 quem
676 798 750 870 velit,
766 806 887 855 actorem
902 801 1030 872 periculo
1046 803 1148 875 ipsius

157 896 267 964 praetor
281 887 323 943 vel
339 887 385 960 qui
399 886 553 960 provinciae
567 885 695 957 praeerit,
711 881 821 939 decreto
837 885 1001 942 constituet.

201 1319 250 1369 DE
271 1315 536 1370 SATISDATIONE
555 1315 735 1368 TUTORUM
752 1315 825 1366 VEL
845 1315 1095 1373 CURATORUM.

107 1488 142 1528 aa.
227 1469 282 1532 ¹lle
298 1485 387 1530 tamon
402 1472 568 1548 pupillorum
582 1471 778 1546 pupillarumve
793 1479 820 1526 et
836 1488 947 1546 eorum,
963 1475 1011 1550 qui
1029 1491 1146 1548 quaeve
1240 1479 1241 1486 ’

157 1563 185 1617 in
200 1561 339 1616 curatione
353 1566 428 1629 sunt,
443 1559 554 1630 negotia
568 1573 582 1611 a
599 1555 733 1611 tutoribus
745 1555 950 1614 curatoribusve
967 1574 1145 1617 consuman-

157 1653 203 1700 tur
218 1644 260 1700 vel
275 1643 479 1710 deminuantur,
495 1648 572 1696 curat
586 1648 711 1712 praetor,
732 1648 762 1695 ut
778 1650 805 1695 et
820 1648 926 1697 tutores
943 1650 972 1698 et
987 1653 1143 1702 curatores

158 1743 191 1783 eo
206 1728 315 1782 nomine
330 1725 470 1780 satisdent.
497 1723 546 1778 sed
561 1724 613 1779 hoc
627 1739 682 1778 non
697 1731 739 1780 est
749 1733 926 1797 perpetuum:
943 1741 1005 1782 nam
1021 1737 1142 1788 tutores

158 1817 320 1866 testamento
341 1807 394 1862 dati
415 1806 545 1862 satisdare
565 1823 620 1862 nou
640 1816 792 1881 coguntur,
815 1811 879 1882 quia
899 1807 968 1866 fides
989 1828 1091 1870 eorum
1108 1827 1142 1872 et

158 1894 297 1966 diligentia
313 1891 344 1947 ab
363 1893 424 1966 ipso
446 1897 577 1947 testatore
598 1889 711 1964 probata
731 1900 786 1948 est:
807 1894 874 1948 item
893 1910 927 1950 ex
948 1897 1140 1969 inquisitione
1240 1881 1241 1884 Ἴ

159 1985 263 2033 tutores
289 1977 333 2032 vel
354 1984 492 2032 curatores
517 1975 572 2031 dati
598 1975 772 2032 satisdatione
794 1993 851 2032 non
872 1988 1039 2052 onerantur,
1068 1986 1141 2056 quia

125 2071 138 2116 t
157 2062 248 2118 idonei
263 2062 342 2118 electi
352 2069 425 2117 sunt.
457 2059 509 2116 Sed
524 2068 551 2116 et
566 2061 590 2115 si
604 2077 636 2116 ex
648 2067 810 2117 testamento
825 2061 868 2118 vel
883 2063 1065 2136 inquisitione
1076 2067 1139 2125 duo

156 2147 283 2220 pluresve
298 2147 352 2202 dati
368 2146 483 2216 luerint,
504 2153 596 2218 potest
611 2161 681 2200 unus
698 2143 795 2200 offerre
817 2147 883 2200 satis
900 2146 933 2202 de
948 2148 1138 2210 indemnitate

156 2231 252 2304 pupilli
268 2231 310 2287 vel
326 2227 506 2286 adulescentis
530 2237 557 2284 et
572 2229 710 2284 contutori
730 2228 773 2284 vel
793 2233 967 2288 concuratori
982 2235 1137 2310 praeferri,

157 2324 187 2369 ut
203 2314 277 2369 solus
294 2315 473 2384 administret,
490 2312 531 2367 vel
546 2320 577 2366 ut
588 2319 717 2366 contutor
730 2313 796 2368 satis
813 2313 930 2371 offerens
941 2330 1137 2392 praeponatur

157 2399 181 2452 ei
196 2390 244 2453 et²
258 2399 316 2471 ipse
331 2397 407 2452 solus
423 2396 601 2451 administret.
632 2397 722 2469 itaque
736 2411 830 2470 perse
850 2415 906 2454 non
921 2408 1016 2474 potest
1031 2414 1137 2478 petere
1172 2427 1175 2432 ·

157 2482 221 2536 satis
236 2497 251 2536 a
266 2489 411 2538 contutore
426 2479 468 2536 vel
481 2487 657 2536 concuratorc
672 2495 734 2552 suo,
750 2481 798 2537 sed
810 2481 908 2539 offerre
920 2485 1013 2559 dehet,
1030 2483 1063 2544 ut
1075 2490 1137 2548 ele·

157 2567 275 2622 ctionem
297 2566 343 2624 det
364 2566 503 2622 contutori
518 2581 586 2636 suo,
607 2573 698 2620 utrum
713 2564 777 2621 velit
791 2568 857 2622 satis
873 2570 995 2643 accipere
1011 2589 1045 2628 an
1062 2577 1135 2632 satis

158 2649 230 2707 darc.
261 2651 359 2727 quodsi
374 2667 452 2708 nemo
474 2665 567 2706 eorum
584 2650 650 2705 satis
665 2648 774 2721 offerat,
795 2652 819 2705 si
834 2652 942 2724 quidern
959 2655 1135 2732 adscriptum

157 2735 240 2794 luerit
254 2755 269 2793 a
283 2744 430 2810 testatore,
453 2737 513 2810 quis
536 2743 626 2810 gerat,
647 2733 694 2790 ille
715 2751 811 2809 gerere
834 2735 928 2793 debet:
949 2741 1054 2813 quodsi
1070 2759 1133 2802 non

156 2819 240 2876 luerit
254 2822 428 2896 adscriptum,
441 2837 521 2896 quem
536 2821 622 2876 maior
632 2835 694 2894 pars
710 2819 834 2894 elegerit,
849 2823 907 2895 ipse
919 2840 1018 2897 gerere
1035 2826 1135 2901 dehet,

157 2912 188 2959 ut
203 2903 290 2962 edicto
305 2908 438 2981 praetoris
450 2913 569 2964 cavetur.
596 2905 740 2960 sinautem
755 2905 807 2979 ipsi
822 2913 928 2962 tutores
944 2908 1135 2969 dissenserint

156 2989 227 3044 circa
241 2990 396 3066 eligendum
411 3010 472 3050 eum
487 2991 530 3048 vel
545 3007 608 3062 eos,
634 2991 679 3064 qui
695 3006 791 3063 gerere
807 2988 922 3064 dehent,
937 3001 1052 3066 praetor
1067 3013 1135 3070 par·

155 3081 197 3128 tes
212 3090 274 3130 suas
290 3077 463 3151 interponere
474 3076 563 3134 debet.
595 3074 665 3132 idem
678 3083 705 3131 et
719 3075 747 3130 in
762 3073 885 3148 plurilus
897 3091 931 3132 en
945 3078 1133 3151 inquisitione

155 3155 223 3212 datis
238 3159 407 3233 probandum
422 3174 480 3238 est,
500 3163 527 3219 id
549 3169 592 3218 est
607 3168 638 3218 ut
652 3161 737 3216 maior
751 3175 813 3234 pars
829 3159 932 3234 eligere
947 3165 1054 3237 possit,
1077 3183 1132 3240 per

155 3258 235 3314 quem
250 3244 444 3307 administratio
460 3249 546 3306 lieret.

155 3407 355 3420 '’Q-—

222 3507 241 3572 a)
257 3511 362 3574 χρη,
375 3516 431 3568 gai,
451 3519 473 3578 1,
494 3517 550 3566 199,
570 3515 628 3566 200.
663 3509 685 3578 ²)
708 3511 736 3572 t,
756 3511 797 3564 ed.
810 3509 884 3560 Sodr.
903 3514 934 3559 ut
952 3509 989 3569 B,
1009 3513 1053 3562 ed.
1068 3513 1129 3566 Kr.
