2464 3916
105 279 182 324 ouon
200 279 259 315 cum
277 279 328 327 reo,
353 277 403 322 ou1
422 278 453 313 nr
472 277 578 314 aurens
596 277 755 314 romarios
774 278 834 326 sor,
846 267 900 318 ete.
913 264 960 328 IV,
974 267 998 315 7.
1012 263 1077 326 ’179

103 438 229 496 agamus:
260 435 320 476 nam
337 421 359 475 si
374 436 431 475 non
448 421 536 476 minus
551 420 579 475 in
593 418 700 493 peculio
716 421 766 492 sit,
784 436 864 493 quam
877 421 1076 494 persequimur,

102 505 267 562 insolidum
290 513 368 577 pater
389 503 547 559 dominosve
569 503 777 560 condemnatur:
808 506 830 559 si
851 521 915 560 vero
930 505 1019 562 minus
1033 507 1076 560 in·

101 591 244 660 veniatur,
270 596 381 644 eatenus
407 588 568 644 condemnat
589 587 685 659 iudex,
712 581 846 660 quatenus
866 591 894 644 in
908 589 1016 663 peculio
1032 591 1076 645 sit.

102 673 331 748 quemadmodum
357 680 447 728 autem
469 672 604 746 peculium
630 672 755 746 intellegi
776 670 887 741 debeat,
911 689 961 730 suo
983 673 1077 730 ordine
1228 730 1229 750 ,

100 773 297 833 proponemus.
335 756 402 812 ltem
418 757 441 812 si
456 757 490 812 de
506 756 570 813 dote
585 756 685 812 iudicio
700 757 798 812 mulier
818 763 899 832 agat,
920 757 1018 831 placet,
1035 775 1076 814 ea·
1094 772 1130 823 37
1228 761 1229 796 ³

100 851 182 900 tenus
198 843 323 897 maritum
339 841 513 897 condemnari
533 840 648 913 dehere,
670 848 803 914 quatenus
819 841 908 897 lacere
923 843 1027 914 possit,
1048 843 1075 898 id

101 937 144 984 est
161 935 295 1000 quatenus
312 925 454 981 facultates
470 927 527 982 eius
543 926 694 999 patiuntur.
732 927 823 999 itaque
843 926 866 981 si
882 925 954 982 dotis
971 929 1076 1000 quanti·

102 1013 152 1068 tati
168 1018 332 1068 concurrant
347 1009 488 1066 facultates
505 1012 577 1081 eius,
593 1011 622 1066 in
637 1009 754 1066 solidum
767 1010 922 1067 damnator:
939 1011 1076 1083 siminus,

100 1099 267 1164 intantum,
289 1101 419 1167 quantum
436 1094 523 1150 lacere
538 1101 639 1168 potest.
678 1103 792 1168 propter
811 1096 992 1151 retentionem
1010 1111 1077 1168 quo·

102 1198 156 1253 que
171 1180 244 1236 dotis
260 1180 388 1254 repetitio
404 1180 549 1234 minuitur:
574 1195 636 1234 nam
659 1178 694 1235 ob
713 1180 849 1253 impensas
869 1181 956 1236 iures
972 1178 1076 1236 dotales

103 1265 185 1321 lactas
201 1265 298 1319 marito
313 1265 432 1319 retentio
454 1280 582 1319 concessa
598 1270 655 1334 est,
687 1265 750 1338 quia
765 1265 826 1337 ipso
841 1265 901 1320 iure
915 1265 1075 1321 necessariis

1 1381 2 1414 3
105 1347 255 1423 sumptibus
271 1348 321 1404 dos
342 1349 488 1419 minuitur,
510 1349 580 1403 sicut
596 1364 629 1403 en
644 1347 786 1404 latioribus
808 1347 978 1421 digestorum
1000 1348 1075 1403 libris

1 1433 2 1439 ’
103 1449 271 1507 cognoscere
286 1426 380 1488 licet.¹
418 1431 470 1488 Sed
486 1439 514 1488 et
529 1433 552 1487 si
568 1433 628 1506 quis
644 1449 705 1488 cum
720 1439 833 1505 parente
854 1449 905 1487 suo
926 1439 1076 1505 patronoue
1094 1447 1128 1496 38

101 1525 180 1592 agat,
206 1518 271 1573 item
293 1519 316 1573 si
332 1518 423 1573 socius
450 1533 511 1572 oum
537 1517 612 1572 socio
635 1516 735 1572 iudicio
755 1516 894 1572 societatis
918 1523 995 1590 agat,
1021 1533 1076 1572 non

100 1603 163 1676 plus
179 1608 255 1658 actor
270 1603 463 1676 consequitur,
490 1617 570 1675 quam
596 1600 763 1656 adversarius
790 1602 848 1656 eius
870 1599 957 1656 iacere
972 1608 1074 1674 potest.

100 1687 173 1743 idem
189 1693 247 1758 est,
272 1687 296 1742 si
321 1688 382 1760 quis
409 1702 441 1741 en
462 1686 608 1742 donatione
629 1701 677 1740 sna
692 1685 877 1742 conveniatur.
915 1684 1077 1759 Compensa-
1094 1704 1128 1753 39

102 1773 191 1828 tiones
208 1787 318 1844 quoque
334 1772 474 1844 oppositae
485 1771 647 1844 plerumque
661 1767 795 1842 efficiunt,
812 1777 841 1825 ut
856 1771 945 1825 minus
961 1771 1076 1844 quisque

101 1862 303 1930 consequatur,
331 1871 410 1928 quam
436 1857 462 1911 ei
486 1854 628 1910 debeatur:
655 1871 771 1929 namque
797 1871 830 1911 ex
845 1854 918 1911 bono
934 1861 962 1912 et
977 1871 1076 1928 aequo,

1 1981 2 1986 κ
101 1939 192 1996 habita
212 1941 318 1996 ratione
339 1941 412 2011 eius,
439 1939 513 2013 quod
538 1940 652 1995 invicem
679 1948 798 1996 actorem
824 1955 857 1995 ex
883 1940 976 1996 eadem
997 1956 1077 1996 eausa
1116 1995 1119 2002 ,

100 2031 241 2100 praestare
264 2032 420 2098 oporteret,
446 2025 473 2079 in
497 2023 632 2096 reliquum
656 2039 734 2096 eum,
760 2041 821 2079 cum
847 2039 902 2096 quo
918 2031 1007 2078 actum
1023 2032 1075 2092 est,

101 2108 283 2165 condemnare
298 2100 392 2179 licet,²
409 2109 478 2164 sicut
498 2109 550 2162 iam
571 2106 673 2181 dictum
694 2115 746 2162 est.
784 2105 850 2161 Eum
875 2121 1002 2179 quoque,
1029 2108 1076 2178 qui
1093 2126 1127 2174 40

101 2191 282 2250 creditoribus
309 2194 365 2248 suls
391 2191 469 2248 honis
496 2193 597 2263 cessit,
625 2193 648 2246 si
672 2199 767 2265 postea
789 2190 890 2263 aliquid
906 2189 1074 2263 adquisierit,

103 2277 177 2351 quod
198 2277 325 2332 idoneum
347 2276 560 2332 emolumentum
581 2273 693 2347 habeat,
715 2291 747 2330 en
762 2276 871 2349 integro
892 2273 978 2346 inid,
1001 2273 1076 2347 qnod

102 2362 191 2418 lacere
205 2370 314 2435 potest,
330 2360 479 2417 creditores
489 2377 550 2416 oum
563 2377 596 2416 eo
608 2361 799 2433 experiuntur:
814 2358 989 2415 inhumanum
1004 2359 1074 2415 enim

102 2455 160 2502 erat
175 2446 321 2520 spoliatum
336 2445 454 2502 fortunis
470 2446 526 2501 suis
541 2446 570 2501 in
585 2443 704 2500 solidum
719 2443 848 2500 damnari.

525 2643 582 2682 rm.
596 2641 649 2682 VII.

131 2745 234 2809 ouon
255 2743 333 2794 oum
350 2744 415 2808 nc,
435 2745 501 2808 our
518 2744 558 2796 ru
576 2743 713 2795 numus
730 2742 947 2794 rornsnnmc
965 2742 1044 2805 aar,

27 2823 35 2852 ⁵
262 2827 458 2880 mosomum
476 2828 625 2880 onerum
642 2827 730 2878 mssa
749 2827 911 2880 mcmuu.

167 2947 253 3020 ³Quia
263 2960 354 3008 tamen
365 2952 489 3025 superius
501 2952 665 3008 mentionem
680 2949 821 3008 habuimus
832 2949 866 3006 de
875 2951 993 3023 actione,
1005 2967 1073 3024 quae
1090 2978 1126 3020 ῃ,

100 3041 129 3096 in
144 3037 282 3112 peculium
298 3034 528 3092 liliorumiamilias
545 3051 741 3109 servorumque
757 3037 862 3110 agitur:
890 3052 959 3110 opus
976 3043 1028 3108 cst,
1044 3044 1075 3090 ut

170 3283 191 3346 ¹)
207 3286 323 3349 plerique
341 3284 417 3334 codd.
436 3283 514 3345 inser.
529 3284 642 3348 d'laeopd.
661 3284 749 3334 liceat
766 3285 842 3339 codd.
858 3291 906 3334 oet.
926 3285 986 3336 edd.
1000 3282 1074 3333 Salar.

100 3362 126 3406 et
143 3353 195 3403 Ka.
281 3348 304 3418 ²)
323 3351 349 3400 P
365 3351 562 3403 condemnaret
586 3352 684 3402 BEW
707 3351 874 3402 condemnat
900 3353 941 3402 ed.
960 3351 1011 3401 Kr.
1029 3353 1074 3402 vix

99 3429 174 3473 certa
199 3421 302 3471 ratione
328 3422 459 3471 sanandus
477 3423 559 3478 loma,
586 3427 697 3470 attamen
723 3427 783 3470 ante
811 3420 883 3469 sicul
907 3419 986 3482 facile
1006 3419 1074 3468 licet

99 3489 225 3540 emeidere
250 3489 344 3553 potuit.
372 3489 407 3553 of.
434 3503 515 3553 cupra
541 3488 565 3549 ἓ.
584 3491 617 3540 30
635 3495 660 3539 et
680 3488 735 3538 Gai.
752 3490 777 3547 4,
796 3489 838 3539 61.
925 3484 950 3552 ³)
967 3489 1022 3537 luia.
1040 3507 1074 3528 =

100 3558 159 3609 Gai.
177 3557 202 3617 4,
221 3557 262 3607 69.

855 3638 921 3698 12*
