2484 3916
200 261 236 296 na
257 262 543 300 nrnmcounmsaarrs
563 265 792 302 annumeremus
811 251 847 314 Il,
867 255 909 306 23,
1001 249 1043 314 95

74 403 237 480 Pegasiano,
259 403 333 477 quod
347 414 444 478 postea
459 408 629 480 supervenit,
651 423 758 463 omnem
776 410 964 464 auctoritatem
979 407 1044 465 Tre·

75 487 190 543 belliano
205 489 444 546 senatusconsulto
459 498 614 564 praestare,
634 499 664 547 nt
686 507 718 547 ex
734 508 766 547 eo
783 490 1043 550 fideicommissariae

74 573 235 628 hereditates
257 574 451 646 restituantur,
473 575 528 632 sive
543 574 639 631 habeat
658 576 737 631 heres
759 593 790 632 er
806 576 945 633 voluntate
961 583 1043 633 testa·

73 659 139 712 toris
156 663 277 728 quartam
292 659 348 714 sive
362 658 424 732 plns
440 661 496 715 sive
512 661 600 715 minus
616 661 672 716 sive
687 661 795 734 penitus
811 659 893 732 nihil,
915 669 946 716 ut
967 669 1043 731 tunc,

74 740 180 815 quando
196 740 240 796 vcl
260 741 326 797 nihil
348 743 391 798 vel
412 745 500 800 minus
523 752 618 818 quarta
633 743 703 818 apud
719 761 781 800 eurn
795 754 948 816 remaneat,
965 745 1044 802 liceat

73 827 97 882 ei
111 825 154 880 vel
176 832 297 898 quartem
317 827 360 882 vel
381 827 455 901 quod
470 827 563 900 deest,
585 845 618 884 ex
638 836 732 884 nostra
748 829 908 886 auctoritate
923 831 1044 886 retinere

73 910 113 965 vel
139 917 266 984 repetere
287 911 425 983 solutum,
452 914 527 985 quasi
555 930 587 968 err
609 907 777 969 Trebelliano
803 914 1042 970 senatusconsulto

72 1011 121 1067 pro
143 1001 200 1049 rata
219 996 348 1068 portione
370 997 519 1053 actionibus
541 997 642 1053 tamin
663 997 792 1054 heredem
818 1013 898 1070 quarn
917 999 946 1054 in
967 996 1043 1053 fidei·

73 1079 285 1135 commissarium
296 1081 522 1155 competentibus.
545 1082 568 1136 si
580 1097 644 1138 vero
657 1088 743 1138 totam
755 1082 933 1138 hereditatem
944 1089 1043 1156 sponte
1098 1097 1107 1112 ²

74 1165 239 1234 restituerit,
255 1181 349 1220 omnes
365 1165 541 1222 hereditariae
556 1168 676 1222 actiones
693 1164 939 1223 fideicommissario
956 1175 984 1224 et
998 1167 1043 1222 ad·

73 1265 165 1303 versus
181 1265 243 1304 enm
258 1257 425 1323 competunt
460 1250 508 1307 sed
523 1252 602 1306 etiam
617 1250 660 1322 id,
682 1251 756 1325 quod
770 1252 945 1326 praecipuum
959 1250 1043 1325 Pega-

72 1334 143 1388 siani
162 1335 390 1390 senatusconsulti
410 1333 516 1406 luerat,
539 1342 584 1405 ut,
606 1334 713 1409 quando
728 1333 868 1391 recusabat
883 1336 962 1391 heres
978 1335 1043 1391 scri-

72 1425 138 1491 ptus
160 1416 208 1472 sibi
231 1418 320 1474 datam
340 1419 518 1476 hereditatem
540 1419 624 1492 adire,
644 1421 790 1475 necessitas
813 1421 837 1474 ei
857 1421 1044 1493 imponeretur

74 1496 157 1558 totam
174 1501 351 1559 hereditatem
367 1505 468 1560 volenti
483 1501 730 1561 fideicommissario
746 1505 890 1559 restituere
906 1511 934 1559 et
949 1518 1043 1558 omnes

72 1585 103 1641 ad
119 1603 181 1642 eum
198 1593 225 1642 et
240 1595 335 1643 contra
351 1605 412 1644 eum
429 1581 596 1644 transirent¹
612 1589 749 1660 actiones,
765 1596 792 1644 et
807 1588 859 1644 hoc
875 1588 1043 1661 transposui-

72 1663 152 1726 mus²
173 1670 207 1726 ad
227 1673 493 1728 senatusconsultum
514 1671 727 1749 Trebellianum,
754 1679 785 1728 ut
808 1689 841 1727 cx
861 1673 914 1728 hoc
933 1672 994 1728 solo
1016 1678 1044 1728 et

72 1757 219 1812 necessitas
235 1755 329 1812 heredi
343 1758 509 1831 imponatur,
525 1759 548 1813 si
564 1759 623 1832 ipso
639 1757 750 1814 nolente
765 1755 839 1813 adire
854 1755 1043 1814 fideicommis-

71 1841 157 1896 sarins
174 1840 309 1897 desiderat
324 1844 432 1898 restitui
447 1841 497 1898 sibi
513 1841 706 1914 hereditatem,
722 1841 798 1898 nullo
814 1859 864 1898 nec
879 1841 976 1904 damno
992 1857 1044 1897 neo

71 1925 215 1982 commodo
246 1926 317 2000 apud
343 1927 470 1982 heredem
497 1935 630 1983 manente.
682 1918 771 1982 ³Nthil
800 1934 892 1982 autern
918 1928 1077 1998 interest,8

71 2019 164 2065 utrum
185 2009 282 2084 aliquis
304 2027 336 2066 es
355 2027 414 2067 asse
435 2013 514 2068 heres
529 2013 671 2067 institutus
693 2019 740 2066 aut
760 2019 844 2066 totam
865 2010 1043 2066 hereditatem

71 2102 116 2150 aut
136 2111 190 2169 pro
211 2103 289 2170 parte
303 2097 448 2152 restituere
463 2103 592 2170 rogatur,
613 2112 646 2150 an
662 2102 785 2169 exparte
806 2095 885 2150 heres
900 2095 1042 2150 institutus

71 2189 117 2235 aut
132 2173 239 2236 totam⁴
259 2188 363 2254 partem
384 2189 430 2236 aut
450 2182 534 2254 partis
554 2187 659 2254 partem
674 2180 819 2235 restituere
834 2185 960 2252 rogatur:
982 2194 1043 2232 narn

71 2273 97 2320 et
113 2266 168 2320 hoc
183 2281 248 2320 casu
264 2263 356 2320 eadem
372 2263 508 2321 observari
523 2257 745 2339 praecepimus,⁵
767 2279 834 2336 quae
850 2265 879 2318 in
895 2263 979 2318 totius
995 2262 1043 2317 he·

70 2349 196 2407 rectitatis
216 2350 392 2406 restitutione
413 2349 538 2405 diximus.
576 2349 605 2404 Si
626 2349 685 2422 quis
708 2365 760 2404 una
781 2347 869 2420 aliqua
883 2364 913 2403 re
928 2345 1043 2402 deducta
1060 2361 1076 2410 9

71 2435 128 2490 sive
143 2441 304 2508 praecepta,
320 2450 389 2507 quae
405 2441 526 2508 quartam
542 2435 675 2505 continet,
691 2433 774 2488 veluti
789 2425 874 2488 fundo
890 2431 932 2487 vel
947 2431 998 2488 alia
1013 2447 1043 2487 re

71 2527 187 2593 rogatus
202 2519 238 2574 sit
253 2519 399 2574 restituere
414 2518 605 2590 hereditatem,
628 2518 708 2573 simili
729 2517 810 2574 modo
826 2533 859 2572 ex
874 2515 1043 2573 'trebelliano

71 2602 313 2660 senatusconsulto
329 2604 468 2659 restitutio
484 2601 545 2675 liat,
569 2602 681 2676 perinde
702 2619 731 2658 ac
748 2603 770 2657 si
793 2609 888 2676 quarta
907 2609 985 2675 parte
1000 2612 1050 2672 ref·

71 2695 150 2744 tenta
164 2695 277 2762 rogatus
293 2695 367 2744 esset
380 2687 511 2762 reliquam
526 2687 703 2744 hereditatem
718 2688 874 2743 restituere.
907 2685 956 2740 sed
975 2684 1044 2740 illud

69 2773 203 2844 interest,
225 2772 300 2846 quod
315 2771 400 2828 altero
417 2789 496 2843 casu,
518 2771 546 2828 lrl
563 2779 604 2828 cst
620 2787 680 2828 cum
695 2770 810 2827 deducta
824 2772 881 2826 sive
901 2777 1044 2844 praecepta

72 2855 164 2930 aliqua
178 2873 208 2912 re
222 2857 377 2913 restituitur
391 2857 537 2928 hereditas,
553 2859 580 2912 in
592 2855 708 2912 solidum
721 2872 752 2912 er
762 2871 794 2912 eo
806 2853 1044 2911 senatusconsulto

72 2943 197 2998 actiones
213 2941 417 2998 transferuntur
431 2949 458 2997 et
469 2957 524 3013 res,
540 2957 608 3015 quae
619 2949 741 2996 remanet
752 2939 822 3014 apud
837 2937 975 3011 heredem,
987 2940 1046 2994 sine

72 3024 132 3082 ullo
150 3041 232 3082 onere
247 3025 412 3084 hereditario
427 3025 498 3100 apud
514 3043 574 3082 eum
589 3022 693 3095 manet,
713 3027 790 3098 quasi
805 3039 837 3080 er
852 3025 943 3099 legato
959 3024 984 3080 ei
999 3023 1046 3079 ad-

147 3274 165 3338 ¹)
182 3277 284 3341 scripsi.
307 3273 496 3340 μετετίθεντο
521 3275 632 3341 Theoph.
656 3275 774 3326 transire
797 3275 872 3325 codd.
895 3274 953 3323 edd.
1023 3269 1044 3334 π)

74 3343 191 3408 Theoplt.
236 3345 321 3396 uidam
343 3346 419 3399 codd.
446 3344 523 3407 infer.
551 3345 756 3408 transponimus
782 3343 857 3392 codd.
874 3340 968 3406 reliqui
984 3341 1044 3389 edd.

70 3407 195 3476 &linet
239 3429 261 3462 τ.
313 3411 318 3466 J
332 3409 354 3474 ⁸)
368 3409 428 3474 fere
445 3423 480 3454 ε·-
498 3411 554 3466 Gai.
573 3414 597 3467 2,
615 3413 674 3462 259.
741 3408 762 3473 ⁴)
781 3410 806 3461 B
827 3408 939 3472 Pheoph.
958 3410 1046 3458 totam

72 3475 142 3529 eain
159 3493 211 3531 cum
230 3479 294 3531 Gaio
317 3482 400 3530 ceteri
420 3481 495 3530 codd.
519 3481 577 3530 edd.
596 3475 717 3534 Seleuci
735 3472 795 3544 Kr.
827 3543 830 3549 Ι
872 3467 1045 3538 blatterare

75 3545 192 3612 Theoph.
210 3545 397 3615 praecipimus
415 3548 490 3598 codd.
509 3549 569 3598 edd.
788 3545 793 3554 '
819 3557 830 3572 ¹·
