2484 3916
188 183 230 248 86
530 197 565 234 ns
584 195 704 232 neutris
723 182 759 244 ll,
778 183 819 232 20.

188 341 228 397 dit
243 340 285 396 vel
306 339 411 395 decedit
431 340 491 395 vivo
516 345 663 408 testatore,
685 337 807 412 legatarii
827 337 904 392 lucro
926 335 967 392 vel
988 336 1088 392 damno
1110 346 1160 392 est.

189 425 286 499 quodsi
301 431 364 497 post
379 431 494 479 mortem
510 424 649 478 testatoris
669 430 731 477 ante
752 421 850 477 aditam
866 413 1044 478 hereditatem
1065 437 1161 476 servus

188 509 362 582 adquisierit,
382 507 501 564 lulianus
523 509 575 577 ait,
599 509 622 562 si
644 506 751 580 quidem
767 507 818 580 ipsi
839 506 1003 562 manumisso
1024 505 1161 578 peculium

188 595 307 668 legatum
323 592 415 664 fuerit,
431 607 521 663 omne,
536 590 609 666 quod
622 598 683 646 ante
696 590 793 646 aditam
805 589 981 646 hereditatem
996 589 1160 664 adquisitum

189 686 247 748 ost,
264 678 394 751 legatario
410 676 521 748 cedere,
544 677 606 750 quia
621 674 678 730 dies
702 675 781 730 huius
797 675 880 746 legati
901 673 932 730 ab
948 667 1038 730 adita¹
1054 675 1159 730 heredi·

188 771 244 818 tate
260 761 345 818 cedit:
366 761 414 818 sed
436 763 459 816 si
482 768 609 816 extraneo
630 759 768 833 peculium
789 757 909 832 legatum
925 757 1021 829 luerit,
1045 775 1103 813 non
1118 775 1160 814 oe·

189 845 253 904 dere
268 863 299 902 ea
314 844 413 920 legato,
428 846 480 900 nisi
492 861 523 900 ex
536 844 616 900 rebus
629 841 809 916 peculiaribus
821 851 929 900 auctum
941 835 1054 898 luerit.²
1081 859 1161 916 pecu·

189 931 255 987 dum
271 937 361 985 autem
377 931 429 984 nisi
444 929 565 1004 legatum
582 929 673 998 luerit,
688 927 853 982 manumisso
866 943 921 983 non
933 925 1057 998 debetur,
1070 945 1162 1002 quam-

189 1017 229 1071 vis
245 1017 268 1070 si
283 1017 358 1069 vivus
373 1013 573 1084 manumiserit,
589 1011 707 1083 suflicit,
723 1013 746 1066 si
761 1028 817 1068 nou
831 1011 976 1066 adimatur:
1000 1020 1028 1068 et
1048 1014 1088 1066 ita
1110 1011 1161 1066 divi

190 1101 306 1155 Severus
322 1105 349 1153 et
365 1097 517 1154 Antoninus
532 1099 740 1171 rescripserunt.
772 1095 851 1151 iidem
867 1087 1101 1170 rescripserunt,3
1115 1113 1161 1170 pe-

190 1184 261 1238 culio
288 1183 395 1256 legato,
420 1198 477 1238 non
502 1181 587 1238 videri
608 1181 637 1237 id
662 1180 797 1252 relictum,
823 1188 854 1236 ut
878 1182 1039 1254 petitionem
1064 1179 1162 1236 habeat

188 1268 335 1340 pecuniae,
356 1283 434 1340 quam
451 1267 477 1320 in
494 1268 612 1322 rationes
628 1265 774 1320 dominicas
790 1263 929 1337 impendit.
961 1265 1042 1321 iidem
1063 1266 1161 1322 rescri-

188 1359 314 1425 pserunt,
329 1349 464 1424 peculium
480 1349 563 1406 videri
577 1349 706 1425 legatum,
723 1365 784 1404 cum
799 1348 948 1405 rationibus
963 1349 1077 1407 redditis
1095 1349 1162 1406 liber

139 1444 170 1491 21
190 1453 249 1492 esse
264 1437 354 1492 iussus
377 1442 461 1490 estet
481 1451 514 1489 ex
529 1450 561 1489 eo
583 1435 701 1508 reliquas
720 1433 831 1490 inferre.
867 1433 931 1488 'lam
952 1441 1042 1490 autem
1063 1451 1162 1508 corpo·

188 1521 258 1577 rales
284 1536 328 1576 res
350 1536 429 1594 quam
449 1519 633 1593 incorporales
654 1519 739 1594 legari
762 1527 887 1592 possunt.
923 1528 951 1574 et
976 1513 1060 1574 ideo4
1088 1519 1162 1592 quod

189 1605 319 1662 defuneto
335 1603 465 1674 debetur,
485 1611 578 1677 potest
599 1603 678 1660 alicui
697 1603 799 1678 legari,
821 1612 852 1659 ut
867 1604 985 1660 actiones
1002 1620 1064 1660 suas
1082 1605 1162 1660 heres

189 1690 320 1762 legatario
336 1695 472 1760 praestet,
494 1689 545 1742 nisi
561 1690 684 1762 exegerit
698 1689 774 1744 vivus
790 1696 907 1744 testator
919 1689 1077 1762 pecuniam:
1100 1705 1162 1744 nam

189 1774 242 1828 hoo
270 1789 333 1828 casu
359 1771 479 1848 legatum
505 1773 683 1846 extinguitur.
719 1771 767 1827 sed
794 1780 821 1828 et
850 1771 903 1828 tale
928 1773 1049 1848 legatum
1075 1773 1162 1828 valet:

188 1871 317 1912 nunnus
343 1870 424 1914 sero
445 1872 547 1915 nunus
567 1871 681 1913 neuun
696 1873 801 1916 remus
822 1873 977 1915 eraricum]
999 1857 1040 1914 vel
1061 1875 1163 1916 renum

138 1939 171 1988 22
189 1957 271 1996 nunu
292 1957 408 1998 sereno
428 1958 596 1999 urnunnns.
633 1942 661 1996 Si
682 1942 846 2018 generaliter
870 1959 964 1998 servus
986 1941 1029 1997 vel
1050 1943 1098 1998 alia
1113 1958 1161 1996 res

137 2031 171 2082 23
189 2025 308 2100 legetur,
325 2026 422 2082 electio
438 2025 562 2101 legatarii
578 2033 630 2096 est,
646 2028 697 2082 nisi
712 2025 785 2081 aliud
800 2033 916 2084 testator
927 2027 1034 2082 dixerit.
1068 2025 1163 2100 Optio-

188 2111 229 2166 nis
246 2110 382 2186 legatum,
403 2110 488 2166 idest
508 2109 554 2166 ubi
577 2117 690 2166 testator
711 2128 743 2167 ex
758 2112 842 2168 servis
863 2113 919 2168 suis
940 2110 984 2166 vel
1005 2111 1063 2166 aliis
1079 2110 1161 2166 rebus

189 2202 284 2268 optare
299 2195 457 2268 legatarium
473 2197 604 2267 iusserat,
620 2194 733 2252 habehat
748 2197 775 2250 in
790 2211 819 2250 se
835 2195 1038 2266 condicionem,
1054 2203 1084 2252 et
1098 2193 1160 2250 ideo

187 2281 239 2334 nisi
254 2281 312 2352 ipse
328 2279 474 2353 legatarius
495 2282 571 2334 vivus
588 2287 742 2352 optaverat,
765 2278 797 2334 ad
818 2279 946 2336 heredem
967 2279 1090 2354 legatum
1105 2297 1161 2336 non

189 2362 399 2418 transmittebat.
424 2362 471 2417 sed
484 2379 515 2418 ex
528 2365 723 2420 constitutione
738 2357 852 2420 nostra⁵
867 2372 895 2420 et
909 2365 962 2421 hoo
976 2367 1004 2420 in
1021 2365 1160 2420 meliorem

187 2452 287 2499 statum
308 2444 483 2500 reformatum
504 2453 547 2501 est
568 2453 597 2508 et
616 2445 676 2502 data
696 2456 738 2503 est
752 2448 860 2504 licentia
880 2457 908 2506 et
928 2449 1022 2505 heredi
1038 2450 1161 2523 legatarii

188 2535 299 2601 optare,
322 2527 386 2584 licet
406 2529 481 2584 vivus
503 2530 649 2602 legatarius
670 2532 722 2588 hoo
743 2549 798 2588 non
825 2533 898 2590 iecit.
936 2540 964 2590 et
984 2533 1160 2608 diligentiore

188 2619 304 2668 tractatu
319 2611 421 2684 habito,
438 2621 465 2668 et
481 2614 573 2670 hocin
589 2623 681 2670 nostra
697 2619 893 2674 constitutione
908 2617 1028 2674 additum
1044 2627 1102 2690 est,
1120 2627 1159 2688 ut,

187 2698 243 2752 sive
259 2698 351 2770 plures
366 2697 488 2772 legatarii
504 2699 635 2770 existant,
657 2701 754 2773 quibus
776 2704 851 2776 optio
867 2702 961 2758 relicto
979 2692 1041 2774 'est,
1062 2711 1092 2758 et
1107 2703 1160 2758 dis·

186 2784 305 2838 sentiant
319 2784 347 2837 in
362 2799 477 2856 corpore
492 2782 635 2858 eligendo,
657 2787 713 2842 sive
735 2787 814 2841 unius
835 2787 958 2862 legatarii
972 2787 1067 2861 plures
1083 2789 1161 2844 here·

188 2865 245 2935 des,
262 2873 290 2920 et
305 2867 378 2922 inter
392 2883 422 2921 se
437 2868 505 2922 circa
528 2867 675 2942 optandum
695 2869 870 2943 dissentiant,
892 2871 944 2928 alio
966 2871 1038 2927 uliud
1059 2889 1160 2946 corpus

256 3129 275 3198 ¹)
298 3133 410 3198 Theoplt.
428 3139 453 3183 et
467 3137 587 3200 plerique
605 3135 680 3188 codd.
700 3135 736 3184 ab
755 3153 802 3187 om.
820 3136 891 3185 BW
905 3139 946 3188 ed.
960 3137 1012 3190 Kr.
1083 3137 1103 3200 ²)
1123 3140 1160 3186 sic

184 3198 266 3250 BWl’
280 3203 479 3267 complenturque
506 3204 580 3254 codd.
609 3203 685 3263 infer.
715 3210 740 3252 et
762 3203 874 3268 Tlteopll.
900 3205 1044 3269 peculium
1062 3207 1161 3256 addunt

183 3269 263 3318 EWu
282 3271 322 3320 ed.
342 3270 392 3318 Kr.
480 3267 499 3330 ³)
521 3269 561 3331 Cf.
580 3269 612 3321 L.
636 3271 661 3318 d.
680 3272 703 3331 ἓ.
722 3273 747 3325 4.
769 3271 800 3320 D.
827 3273 859 3321 de
876 3276 960 3336 pecul.
979 3277 1028 3338 leg.
1050 3273 1102 3337 (33,
1122 3271 1159 3339 8).

186 3333 207 3398 ⁴)
227 3337 324 3387 addunt
352 3341 379 3385 et
397 3335 423 3384 B
449 3351 502 3386 eum
529 3337 676 3400 quidusdam
701 3337 795 3402 infer„
824 3341 883 3390 edd.
901 3337 976 3390 Sede.
996 3347 1022 3390 et
1039 3341 1092 3394 Kr‚
1113 3358 1160 3392 orn.

185 3402 302 3532 (gisppp
329 3403 397 3454 EW
417 3410 442 3452 et
463 3403 580 3468 plerique
601 3403 678 3466 infer.
765 3403 785 3466 ⁵)
807 3408 838 3456 L.
857 3411 881 3458 3.
906 3406 934 3456 0.
955 3423 1040 3458 comm.
1061 3411 1094 3460 de
1113 3412 1160 3474 lep.
