2484 3916
263 285 266 292 Α
299 233 335 268 ou
357 232 520 268 aesomnes
540 232 742 270 rusrruutrnnra
761 220 798 283 11,
817 223 856 274 14.
1021 219 1064 284 69

96 377 181 446 natis,
203 373 251 430 sed
267 375 347 440 etiarn
366 376 501 449 postumis
521 374 687 446 introduxit,
705 384 735 431 ut
750 389 860 448 omnes,
879 379 938 433 sire
953 380 995 434 sni
1010 381 1066 435 sive

95 460 252 532 emancipati
268 467 347 530 sunt,
368 463 416 515 ant
435 459 550 516 heredes
570 461 748 516 instituantur
762 454 828 516 ant¹
848 464 1006 520 norinatin
1021 480 1066 519 ex-

94 543 261 600 heredeutur
274 551 310 599 'et
330 543 445 600 enodem
466 543 582 600 labeant
603 543 729 601 ellectum
749 546 820 601 circa
838 553 1000 604 testamenta
1019 565 1066 623 pa-

92 636 203 684 rentum
223 643 337 684 suorum
356 627 516 685 infirmanda
537 637 565 684 et
580 629 760 686 hereditatem
774 629 964 703 auferendam,
985 649 1066 706 quent

93 711 140 770 filii
156 715 199 768 sui
214 713 257 768 vel
272 715 430 788 emancipati
446 712 561 785 hahent,
576 715 633 769 sive
647 716 700 775 iam
712 716 771 770 'noti
786 723 851 772 suut
863 717 921 772 sive
935 717 1023 774 adhuc
1037 719 1065 772 in

93 806 174 854 utero
190 799 348 870 constituti,
369 806 466 872 postea
480 799 536 854 nati
557 806 631 856 sunt.
661 801 731 856 eirea
746 798 887 874 adoptivos
903 809 993 856 autern
1008 817 1066 857 eer-

15 953 17 956 .
93 891 147 938 mm
168 881 324 938 induximus
342 881 518 954 divisionem,
539 899 607 956 quae
623 878 964 956 11111111111111111111111111111,2
986 901 1066 958 quarn

93 983 177 1041 super
191 967 325 1041 adoptivis
341 966 468 1038 tulimus,
490 969 655 1024 continetur.
691 967 745 1024 Sed
760 969 782 1022 si
798 967 970 1042 expeditione
986 985 1066 1024 occu·
1083 983 1099 1031 6

92 1059 173 1126 patus
195 1050 275 1107 ruiles·
296 1059 490 1108 testamentum
511 1051 590 1108 iaciat
612 1059 639 1108 et
660 1051 761 1108 liberos
777 1069 842 1108 sues
861 1053 915 1109 iarn
930 1061 1008 1110 natos
1024 1052 1066 1107 vel

91 1144 237 1210 postumus
252 1138 410 1194 nominatim
426 1153 481 1208 non
497 1136 716 1207 exheredaverit,
731 1137 780 1192 sed
795 1137 904 1194 silentio
919 1138 1067 1212 praeterie-

90 1223 143 1292 rit,
166 1237 224 1278 non
243 1222 389 1296 ignoraris,
408 1239 444 1278 sn
463 1220 561 1278 habeat
579 1220 699 1294 liberos,
721 1221 860 1277 silentium
875 1223 934 1278 eius
953 1239 1005 1296 pro
1021 1237 1067 1278 ex·

92 1305 271 1362 heredatioue
284 1307 445 1363 norninetim
465 1305 535 1362 laeta
549 1305 637 1362 valere
651 1305 893 1362 constitutionibus
914 1308 1066 1381 principum
1103 1347 1105 1350 -

93 1397 203 1446 cnutum
217 1397 269 1446 est
300 1390 385 1446 linter
398 1391 441 1447 vel
456 1407 521 1446 arus
536 1398 674 1450 maternus
689 1407 800 1447 necesse
814 1407 871 1446 uon
887 1390 987 1446 hahent
1001 1389 1067 1446 libe·
1085 1392 1100 1441 7

93 1491 141 1531 ros
157 1491 222 1531 suos
244 1482 291 1530 aut
313 1475 427 1530 heredes
447 1476 592 1546 instituere
611 1483 659 1530 aut
679 1475 859 1546 exheredare,
881 1475 929 1530 sed
949 1483 1067 1548 possunt

82 1569 140 1616 -'eos
154 1561 291 1616 omittere.
322 1577 383 1615 nam
397 1559 536 1616 silentium
547 1560 641 1614 matris
653 1566 701 1615 aut
715 1561 756 1615 avi
770 1561 885 1616 materni
900 1567 1067 1614 ceterorum-

91 1661 145 1718 que
164 1661 219 1718 per
231 1651 346 1700 matrem
361 1644 565 1700 ascendentium
582 1650 691 1700 mutum
707 1643 786 1715 lacit,
809 1651 939 1719 quantum
955 1643 1067 1699 exhere-

91 1728 167 1784 datio
179 1730 279 1802 patris.
313 1745 406 1802 »neque
426 1729 497 1784 enirn
507 1731 591 1784 matri
610 1727 696 1786 filium
712 1727 828 1793 filiamve
843 1745 932 1802 neque
947 1745 996 1784 oro
1011 1743 1066 1782 ma·

89 1821 174 1869 terno
195 1820 324 1886 nepotem
344 1821 487 1888 neptemre
501 1811 619 1885 osilia,
641 1816 663 1870 si
686 1830 748 1870 eum
763 1829 854 1870 eamve
869 1812 997 1870 heredem
1010 1825 1065 1868 non

89 1899 236 1969 instituat,
250 1897 416 1953 exheredare
425 1913 538 1954 necesse
550 1906 607 1970 est,
623 1901 679 1954 sive
692 1898 726 1954 de
737 1900 797 1954 iure
809 1897 880 1954 civili
896 1913 1066 1972 quaeramus,

90 1984 146 2039 sive
171 1981 206 2038 de
222 1981 311 2038 edicto
326 1983 475 2056 praetoris,
498 1999 552 2056 quo
572 1985 727 2056 praeteritis
743 1981 835 2038 liberis
850 1989 947 2038 contra
962 1981 1066 2038 tabulas

90 2066 231 2124 bonorum
250 2068 452 2140 possessionem
472 2069 618 2140 promittit.
655 2067 704 2122 sed
724 2066 798 2122 aliud
819 2067 857 2121 eis
875 2063 1066 2121 adminiculum

91 2159 236 2224 servatur,
252 2151 326 2225 qnod
340 2151 421 2226 paulo
436 2159 502 2226 post
516 2150 592 2206 vohis
608 2149 779 2207 manifestum
795 2148 851 2206 liat.

515 2347 572 2388 [HT.
585 2347 648 2387 xiv.

293 2451 344 2500 nn
362 2447 577 2501 mensurnus
595 2433 865 2500 rnsrrruunms.

157 2571 281 2629 lleredes
305 2573 450 2628 instituere
475 2573 635 2646 permissum
661 2579 705 2628 est
729 2579 783 2628 tam
811 2571 913 2629 liberos
942 2572 1065 2631 homines
1083 2589 1118 2628 nr.

92 2675 177 2732 quam
190 2674 285 2714 serron
304 2664 361 2713 mm
375 2647 502 2730 proprios
517 2673 597 2731 quam
612 2655 723 2714 alienos.
752 2657 881 2730 proprios
897 2664 987 2712 autem
1002 2655 1067 2711 olim

91 2743 206 2816 quidem
227 2741 377 2798 secundum
402 2741 521 2815 plurium
546 2743 694 2798 sententias
720 2757 777 2798 nou
802 2739 880 2796 aliter
906 2755 985 2816 quam
1005 2755 1067 2796 cunt

91 2826 222 2884 libertate
242 2834 318 2883 recte
335 2827 482 2882 instituere
502 2825 608 2891 licebat.
640 2825 723 2882 hodie
737 2841 802 2880 vero
819 2827 899 2882 etiem
914 2826 972 2880 sine
987 2821 1067 2880 liber-

92 2919 157 2968 tate·
167 2928 200 2967 en
215 2919 310 2968 noema
324 2904 542 2968 sorditatioue³
557 2909 671 2966 heredes
687 2927 734 2968 eos
749 2911 892 2966 instituere
906 2911 1068 2984 permissum
1102 2951 1103 2955 ,

91 3004 146 3052 cst.
185 2995 260 3070 quod
278 3013 335 3054 non
354 3012 404 3069 per
422 2996 624 3052 innovationem
638 2993 807 3066 induximus,
829 2995 877 3051 sed
898 2995 1025 3068 quoniam
1039 3000 1068 3048 et

93 3082 208 3154 aequius
223 3088 282 3137 erat
296 3088 325 3136 et
338 3080 465 3136 Atilicino
481 3079 614 3154 placuisse
628 3079 728 3134 Paulus
743 3081 799 3134 suis
814 3079 906 3152 libris,
926 3095 997 3153 quos
1013 3085 1067 3134 tun

165 3309 185 3374 1)
206 3309 308 3363 iiWE
329 3311 442 3376 Theoph.
465 3319 492 3362 et
511 3313 629 3376 plerique
652 3312 728 3361 codd.
750 3311 828 3374 inser.
848 3315 876 3361 ei
894 3309 1001 3373 (omissis
1018 3309 1069 3357 illis

94 3382 146 3428 eui
164 3375 190 3428 h]
208 3380 227 3429 i.
247 3378 305 3443 eut)
324 3379 373 3430 Be
388 3381 430 3430 ed.
449 3379 500 3430 Kr.
587 3373 608 3442 ²)
625 3381 742 3444 plerique
764 3379 841 3428 codd.
865 3377 944 3440 infer.
963 3367 1067 3424 consfi-

93 3446 199 3496 tutioni
216 3452 328 3502 nostrae
347 3449 422 3500 codd.
443 3455 494 3498 eet.
517 3447 576 3497 edd.
595 3444 670 3496 Scir.
695 3454 721 3498 et
738 3445 789 3495 Kr.
814 3452 853 3494 est
874 3445 907 3493 L.
926 3444 965 3492 10.
987 3441 1015 3491 O.
1035 3443 1068 3490 de

93 3515 187 3578 adopt.
205 3515 240 3580 (t,
260 3517 293 3565 47
311 3517 346 3565 ol.
365 3513 418 3579 48).
488 3512 509 3578 ³)
527 3513 560 3564 h.
575 3513 599 3565 5.
620 3513 647 3566 O.
666 3515 699 3563 de
716 3526 845 3562 neceseor.
865 3511 953 3559 hored.
966 3507 1000 3572 (6,
1014 3506 1066 3570 at).
