2484 3916
185 245 227 312 94
317 262 352 296 na
373 259 658 296 rrneroonnrssnnus
678 258 908 295 urnnnrrnrrnus
927 245 964 310 11,
983 246 1026 298 23.

184 403 273 479 bptur.
306 419 373 478 quae
388 403 492 477 specics
507 401 590 476 legati
605 403 715 475 partitio
728 399 887 472 vocabatur,
903 402 965 476 qnia
980 417 1040 457 cnm
1055 400 1156 456 herede

184 489 329 562 legatarius
349 485 517 562 partiebatur
537 485 723 542 hereditatem.
760 485 831 542 unde
847 502 915 559 qnae
931 484 1055 541 solebant
1069 486 1156 559 stipu-

185 573 300 633 lationes
316 574 388 628 inter
400 571 526 628 heredem
538 579 566 626 et
580 571 736 644 partiarinm
752 570 911 646 legatarium
926 571 1082 643 interponi,
1099 587 1156 625 eae-

185 655 245 714 dem
260 655 504 730 interponebantur
523 657 687 725 intersum,
708 655 754 728 qni
769 671 802 710 er
824 651 1032 710 fideicommissa
1053 656 1156 728 recepit

185 740 375 812 hereditatem,
390 749 418 798 et
432 737 570 810 heredem,
585 738 613 794 id
628 746 716 794 estut
731 745 759 794 et
774 738 878 794 lucrum
894 747 921 794 et
936 737 1063 794 damnum
1079 739 1155 794 here·
1230 755 1231 800 l

150 833 166 880 o
185 825 310 884 ditarium
325 841 375 899 pro
391 832 447 880 rata
463 831 538 897 parte
553 825 625 878 inter
636 839 684 878 eos
695 839 837 879 commune
848 824 892 878 sit.
923 821 995 896 Ergo
1011 824 1033 878 si
1047 822 1155 898 quidem

185 927 240 968 non
261 910 323 984 plus
347 925 427 984 quam
447 907 606 963 dodrantem
626 906 783 965 hereditatis
804 909 922 980 scriptus
946 908 1026 962 heres
1042 916 1154 981 rogatus

185 996 220 1052 sit
234 995 395 1064 restituere,
417 999 483 1048 tunc
499 1007 531 1046 ex
547 991 716 1048 Trebelliano
732 989 972 1048 senatusconsulto
993 991 1156 1048 restitueba-

185 1089 231 1135 tnr
253 1078 388 1135 hereditas
409 1085 436 1133 et
462 1078 490 1132 in
516 1083 661 1148 utrumqne
683 1077 803 1132 actiones
824 1075 1002 1132 hereditariae
1026 1093 1078 1150 pro
1098 1084 1155 1130 rata

185 1169 261 1236 parte
283 1162 429 1218 dabantur:
451 1162 478 1216 in
500 1159 625 1216 heredem
647 1159 755 1233 quidem
776 1162 835 1216 iure
850 1161 936 1232 civih,
958 1161 986 1215 in
1001 1177 1063 1215 enm
1081 1175 1155 1231 uero,

186 1248 231 1320 qui
247 1246 393 1320 recipiebat
408 1244 595 1316 hereditatem,
611 1261 643 1300 eu
655 1244 893 1304 senatusconsulto
906 1243 1077 1300 'lrebelliano
1090 1253 1155 1300 tam-

186 1347 265 1404 qnam
280 1332 308 1386 in
323 1329 460 1387 heredem.
492 1337 519 1386 at
534 1331 557 1385 si
572 1329 633 1402 plus
649 1345 727 1402 quam
744 1327 901 1385 dodrantem
917 1328 959 1385 vel
975 1330 1053 1384 etiam
1070 1337 1155 1385 totam
1231 1359 1232 1370 κ

185 1415 363 1472 hereditatem
383 1417 530 1471 restituere
545 1421 658 1488 rogatus
675 1415 724 1484 sit,
746 1413 824 1470 locus
840 1423 896 1470 erat
911 1411 1060 1487 Pegasiano
1079 1431 1157 1470 sena·

186 1499 373 1572 tuscousnlto,
395 1507 422 1555 et
437 1500 533 1570 heres,
557 1499 602 1571 qui
617 1498 701 1554 semel
716 1497 810 1554 adierit
825 1497 1018 1568 hereditatem,
1034 1499 1057 1553 si
1073 1498 1157 1554 modo

186 1601 234 1640 sna
250 1584 387 1640 voluntate
402 1583 514 1654 adierit,
535 1583 591 1638 sive
612 1583 754 1638 retinuerit
776 1590 896 1656 quartam
913 1591 1019 1657 partem
1033 1584 1090 1638 sive
1106 1601 1157 1638 no-

185 1669 267 1724 luerit
281 1670 415 1738 retinere,
430 1669 489 1742 ipse
506 1669 628 1723 universa
644 1683 725 1722 onera
741 1668 901 1724 hereditaria
916 1666 1075 1722 sustinebat.
1107 1667 1157 1722 sed

186 1760 281 1826 quarta
296 1751 404 1826 quidem
420 1759 540 1823 retenta,
562 1751 639 1824 quasi
657 1754 743 1823 partis
759 1760 786 1807 et
806 1771 857 1826 pro
872 1761 950 1826 parte
964 1751 1157 1824 stipulationes
1232 1813 1233 1818 ἵ

185 1835 428 1912 interponebantur
449 1845 582 1910 tamquam
602 1837 673 1890 iuter
687 1838 842 1908 partiarinm
858 1835 1018 1911 legatarium
1035 1845 1062 1892 et
1077 1837 1158 1892 here·
1232 1829 1233 1842 ¹

186 1923 263 1979 dem:
279 1924 302 1978 si
318 1938 381 1977 vero
398 1930 483 1978 totam
498 1918 675 1977 hereditatem
690 1923 855 1995 restitnerit,
872 1930 977 1996 emptae
993 1928 1020 1976 et
1031 1919 1157 1976 venditae

185 2007 342 2064 hereditatis
362 2006 552 2080 stipulationes
568 2004 820 2078 interponebantur.
857 2007 905 2062 sed
926 2008 949 2062 si
964 2013 1072 2061 recuset
1085 2006 1157 2060 scri-

185 2101 248 2168 ptus
271 2093 349 2149 heres
370 2091 443 2148 adire
459 2090 634 2147 hereditatem
651 2087 685 2145 ob
700 2089 742 2161 id,
764 2091 836 2164 quod
857 2091 942 2168 dicat,
964 2105 1021 2145 eam
1041 2089 1092 2145 sibi
1111 2107 1158 2144 su·

185 2185 305 2252 spectam
321 2194 381 2233 esse
403 2177 479 2250 quasi
494 2175 665 2243 damnosam,
686 2183 796 2231 cavetur
809 2174 957 2252 Pegasiano
978 2181 1158 2230 senatuscon-

185 2263 276 2334 sulto,
300 2271 330 2318 ut
351 2261 520 2318 desiderante
541 2278 589 2334 eo,
616 2262 660 2316 cui
682 2261 828 2316 restituere
854 2269 968 2334 rogatus
997 2267 1053 2330 est,
1078 2261 1158 2314 iussu

185 2347 319 2419 praetoris
339 2345 417 2401 adeat
437 2355 464 2402 et
489 2347 616 2401 restituat
641 2343 818 2402 hereditatem
840 2345 1008 2420 perindeque
1029 2345 1053 2398 ei
1075 2352 1100 2400 et
1127 2345 1157 2398 in

186 2445 263 2499 eum,
280 2429 326 2502 qui
341 2430 438 2502 recipit
452 2429 639 2499 hereditatem,
656 2429 774 2488 actiones
790 2429 899 2499 dentur,
916 2431 969 2486 acsi
985 2429 1050 2486 iuris
1065 2435 1106 2484 est
1122 2443 1157 2482 ea

186 2511 354 2568 Trebelliano
380 2513 632 2570 senatusconsulto:
657 2529 712 2588 qno
738 2531 801 2572 casn
827 2515 908 2572 nullis
933 2511 1156 2590 stipulationibus

187 2614 255 2672 opus
271 2605 328 2669 est,
349 2599 411 2672 quia
430 2596 554 2654 simulet
569 2597 646 2672 huie,
668 2600 715 2674 qui
729 2602 865 2670 restituit,
886 2601 1017 2656 securitas
1034 2599 1114 2656 datur
1130 2609 1158 2655 et

186 2683 305 2739 actiones
329 2681 506 2738 hereditariae
527 2683 552 2738 ei
572 2685 647 2741 etin
667 2701 728 2740 enm
750 2685 965 2757 transferuntur,
993 2686 1039 2758 qui
1059 2685 1158 2758 recipit

185 2767 376 2839 hereditatem,
397 2775 515 2841 utroque
537 2767 773 2826 senatusconsulto
799 2772 826 2826 in
850 2771 900 2826 hac
925 2771 1014 2844 specie
1041 2785 1158 2825 concur·

153 2854 272 2908 trente.
318 2851 371 2911 Sed
394 2853 455 2926 quia
475 2849 663 2926 stipulationes
684 2869 716 2909 ex
742 2854 979 2912 senatusconsulto
1004 2853 1157 2928 Pegasiano

186 2935 382 2993 descendentes
392 2945 418 2993 et
433 2939 485 3012 ipsi
499 2939 653 3011 antiquitati
665 2937 860 3012 displicuerunt
874 2945 902 2995 et
917 2937 1078 3014 quibusdam
1089 2941 1157 2994 casi-

187 3019 236 3076 bus
252 3023 386 3096 captiosas
402 3039 446 3079 eas
469 3024 550 3080 homo
571 3023 669 3084 excelsi
690 3025 793 3098 ingenii
808 3023 967 3098 Papinianus
988 3024 1108 3099 appellat
1130 3032 1158 3079 et

186 3105 264 3162 nobis
280 3107 307 3162 in
323 3105 428 3182 legibus
443 3110 529 3184 magis
545 3108 703 3183 simplicitas
719 3123 798 3184 quam
813 3105 957 3165 difficultas
973 3108 1077 3183 placet,
1091 3107 1156 3164 ideo

188 3190 311 3249 omnibus
333 3191 412 3250 nobis
429 3193 572 3269 'suggestis
592 3202 647 3249 tam
661 3191 878 3250 similitudinibus
900 3209 980 3268 qnam
995 3191 1159 3249 differentiis

187 3278 329 3350 utriusque
358 3278 602 3348 senatusconsulti,
631 3271 747 3352 placuit¹
779 3277 892 3352 exploso
915 3277 1158 3334 senatusconsulto

187 3443 390 3466 W

257 3543 276 3607 ¹)
294 3548 472 3598 constitutione
493 3543 630 3607 Theopbito
647 3545 672 3599 lt.
690 3545 708 3594 l.
727 3545 844 3606 laudato,
864 3559 929 3610 puae
945 3546 1034 3608 periit.
