2486 3916
552 221 722 258 nsnnnanro.
1056 211 1125 264 XIII

221 343 251 400 ln
265 344 463 418 posterioribus
478 344 557 402 libris
573 363 722 421 eorumque
738 349 893 422 paraphrasi
913 349 983 406 nihil
998 351 1123 424 reperiri,

159 445 216 502 quo
232 429 400 506 Theophilus
416 447 511 486 eorum
526 439 621 488 auctor
642 448 697 488 non
717 431 802 490 luisse
824 441 965 508 arguatur,
986 435 1038 490 ism
1058 433 1123 492 dixi.

159 513 259 570 Verum
282 513 413 586 quaedam
439 516 520 571 etiam
545 515 655 587 insunt,
682 513 780 590 quihus
807 526 902 574 auctor
923 535 1019 576 eorum
1040 517 1125 576 luisse

157 597 300 672 probetur.
331 597 417 655 Etiam
433 600 476 656 hic
496 616 528 656 es
549 607 668 673 utroquo
688 600 758 656 libro
780 602 900 676 exempla
922 609 1032 678 praesto
1048 610 1123 660 sunt.

157 682 187 738 ln
203 682 291 740 verbis
307 682 349 756 lV,
367 684 396 756 6,
413 683 462 740 29.
480 681 560 741 ‘cum
574 686 633 759 ipsa
646 684 747 741 mulier
760 685 794 742 de
809 685 875 742 dote
888 705 937 744 sua
952 685 1124 761 experiatur'

158 781 209 822 vor
226 765 319 841 ‘ipsa'
341 770 378 826 ita
399 769 488 842 posita
508 777 566 841 est,
582 777 613 824 ut
634 771 680 842 qui
701 770 808 826 incaute
828 787 859 828 ea
879 772 969 846 legat,
991 788 1042 828 nec
1063 780 1125 828 ante

159 853 374 923 constitutione,
390 855 467 910 cuius
483 861 564 910 tenor
584 854 620 912 ibi
634 855 768 926 retertur,
789 856 926 929 inspecta,
948 856 1025 912 facile
1040 857 1068 911 in
1083 873 1126 912 er·

158 951 250 992 rorem
264 937 424 1009 inducatur,
448 939 494 1012 qui
514 954 588 994 nunc
608 940 689 1012 etiam
709 939 767 996 lere
788 941 938 996 communis
960 948 1018 1011 est,
1039 941 1125 1013 ipsam

157 1020 298 1078 mulierem
310 1020 346 1078 ibi
361 1021 519 1098 significari,
532 1039 594 1080 oum
609 1032 699 1082 tamen
714 1025 772 1098 ipsa
787 1023 820 1080 de
833 1023 897 1082 dote
909 1041 1000 1080 sermo
1020 1025 1066 1080 sit.
1091 1025 1126 1080 At

158 1104 326 1180 'theophilus
340 1107 630 1182 inparaphrasiverum
644 1107 764 1166 hocloco
779 1110 1125 1184 sensumsequitnr,quan·

158 1205 239 1262 quam
252 1191 323 1247 idem
332 1191 361 1248 in
373 1192 509 1265 prioribus
521 1192 596 1249 libris
604 1194 684 1250 etiam
691 1193 793 1251 leviore
800 1193 1125 1268 enterhorumpositione

158 1283 219 1331 orta
235 1275 326 1350 specie
337 1276 400 1351 plus
415 1277 499 1334 semel
514 1278 602 1353 decipi
617 1295 647 1334 se
668 1295 765 1354 passus
786 1285 837 1335 est.
860 1275 946 1335 Etiam
961 1278 1005 1350 lll,
1022 1278 1078 1351 28,
1095 1278 1124 1334 2.

159 1359 240 1416 verba
253 1360 298 1416 illa
311 1358 370 1417 ‘vel
382 1377 461 1417 usum
535 1363 672 1420 similiter.
683 1363 790 1420 ..vobis
802 1361 968 1437 acquiritur’
980 1371 1033 1418 tam
1045 1363 1125 1420 docte

161 1444 403 1518 interpretaturos
420 1445 541 1503 lontibus
557 1446 636 1504 nohis
651 1447 815 1522 praeclusis,
831 1449 921 1503 utrix
936 1448 1004 1504 alius
1020 1464 1050 1503 ac
1065 1448 1124 1521 ipse

163 1527 243 1585 hulus
263 1530 292 1601 §i
307 1537 404 1588 auctor
424 1549 485 1588 esse
504 1533 603 1606 possit.
649 1532 769 1605 lienique
790 1531 961 1606 paraphrasis
977 1530 1026 1603 lll,
1042 1531 1078 1603 9,
1094 1531 1122 1589 3.

158 1611 293 1670 honorum
308 1618 510 1690 possessionem
526 1618 648 1692 quintam
663 1624 691 1673 et
705 1624 807 1673 sertam
822 1616 859 1672 ita
871 1616 1000 1689 explicat,
1020 1623 1049 1672 ut
1063 1632 1126 1672 eum

157 1699 277 1772 priorem
292 1718 348 1756 non
363 1700 457 1775 plane,
477 1701 659 1775 posteriorem
678 1702 758 1775 plane
779 1718 835 1758 non
856 1700 1023 1758 intellexisse
1045 1717 1126 1775 appa·

160 1790 230 1839 reat.
260 1785 295 1841 At
310 1785 389 1842 etiam
406 1787 452 1861 qui
467 1795 564 1844 auctor
579 1795 622 1842 est
636 1786 842 1844 Institutionum
856 1785 901 1858 lll,
915 1786 944 1859 9,
956 1787 985 1857 6,
1002 1787 1126 1860 queritur

158 1862 211 1922 ‘de
226 1871 438 1946 scrupulositate
460 1880 488 1927 et
502 1871 681 1928 inextricabili
701 1887 794 1928 errore
814 1871 928 1928 duarum
949 1873 1062 1927 istarum
1077 1869 1126 1926 bo·

158 1968 258 2008 norum
269 1957 474 2029 possessionum
482 1954 504 2013 '.

223 2037 261 2094 Ex
277 2041 351 2098 hisce
365 2041 509 2116 disputatis
524 2043 721 2098 consectarium
744 2048 801 2113 est,
816 2040 966 2113 ¹'lheophili
981 2039 1126 2114 paraphra-

158 2123 197 2177 sis
222 2127 411 2184 auotoritatem
436 2125 572 2182 indubiis
598 2127 781 2198 posteriorum
807 2123 938 2181 librorum
964 2122 1125 2179 lectionibus

159 2223 308 2282 summam,
334 2212 362 2266 in
388 2212 509 2285 priorum
536 2210 645 2283 quidem
671 2211 751 2266 etiam
777 2225 901 2282 magnam
923 2216 951 2264 ct
965 2208 1126 2282 plerumque

159 2293 290 2351 maiorem
311 2311 390 2370 quam
411 2295 569 2352 latinorum
591 2294 715 2351 codicum
735 2309 811 2365 esse,
833 2293 955 2366 sedita,
977 2299 1007 2348 ut
1028 2293 1072 2348 hio
1092 2307 1126 2348 ne

158 2377 218 2449 ipse
232 2378 383 2454 ‘aliquando
410 2382 555 2451 erraverit,
581 2379 728 2436 cavendum
752 2379 797 2436 sit.
843 2376 969 2435 Ceterum
992 2394 1048 2434 non
1073 2384 1126 2448 est,

160 2461 236 2532 quod
250 2481 391 2536 moneam,
414 2465 493 2522 etiam
509 2464 678 2538 paraphrasis
693 2472 817 2520 naturam
839 2473 867 2520 et
886 2464 1005 2520 indolem
1026 2461 1126 2532 iacere,

161 2552 242 2603 utne
259 2549 358 2625 ubique
384 2549 455 2606 idem
476 2551 644 2606 auctoritatis
670 2549 777 2622 pondus
804 2550 830 2604 ei
852 2547 1053 2604 attribuendum
1079 2547 1126 2617 sit,

162 2633 276 2690 maxime
298 2637 326 2692 in
348 2635 405 2707 his,
433 2650 502 2708 quae
523 2635 607 2710 magis
629 2640 754 2690 ornatum
776 2633 907 2689 orationis
927 2632 1127 2704 verborumque

160 2713 291 2776 flexiones
308 2735 388 2794 quam
403 2735 513 2776 sensum
529 2726 668 2792 spectant,
683 2717 725 2774 vel
738 2733 806 2792 quac
821 2717 909 2791 aliqua
923 2715 957 2772 de
968 2731 1048 2772 causa
1063 2731 1127 2770 con·
1208 2777 1213 2786 ,

160 2800 236 2857 sulto
252 2803 342 2860 addita
356 2805 399 2860 vel
415 2805 513 2860 omissa
528 2810 610 2875 sunt,
631 2811 662 2859 ut
678 2803 831 2859 omissionis
854 2801 1008 2876 exemplum
1023 2807 1051 2856 et
1066 2815 1128 2856 cau·

161 2887 266 2944 samad
283 2889 325 2961 lV,
342 2890 371 2960 ii,
388 2889 438 2946 31.
455 2889 555 2944 notavi.

225 2972 359 3048 Superest
380 2973 425 3029 illa
446 2972 479 3028 ad
498 2973 669 3048 paraphrasis
690 2973 879 3028 auctoritatem
900 2979 1026 3045 spectans
1047 2986 1128 3043 quae·

160 3055 232 3128 stio,
249 3058 356 3116 codices
371 3057 458 3114 Latini
474 3074 538 3114 num
554 3058 634 3131 plane
653 3057 696 3112 sui
711 3057 779 3112 iuris
795 3057 865 3126 sint,
888 3073 922 3111 an
943 3073 1006 3112 vero
1028 3071 1060 3112 er
1082 3055 1128 3110 ali·

162 3155 216 3212 qua
241 3152 318 3218 parte
344 3145 425 3200 etiam
440 3159 455 3198 a
470 3142 622 3217 Theophilo
648 3141 792 3216 pendeant.
838 3140 927 3216 Vulgo
954 3139 1021 3197 illud
1047 3141 1128 3196 tacite

161 3225 255 3299 credi,
281 3228 335 3284 hoo
354 3235 468 3303 propter
487 3225 637 3282 barbariem
662 3227 741 3282 istius
762 3226 834 3298 aevi,
862 3243 930 3301 quae
951 3225 1081 3280 Graecum
1100 3232 1129 3279 et

161 3307 285 3374 Latinum
302 3311 395 3370 orbem
410 3327 472 3368 mox
487 3312 646 3368 seinvicem
666 3312 794 3386 ignorare
809 3310 920 3382 iecerit,
935 3309 1030 3383 negari
1045 3306 1128 3380 solet,

162 3402 191 3450 et
206 3404 312 3472 tamen,
337 3405 366 3454 ut
381 3397 446 3454 mihi
467 3395 589 3469 videtur,
605 3396 742 3472 posterius
759 3396 837 3452 unice
857 3410 950 3450 rerum
966 3400 1017 3448 est.
1062 3390 1128 3448 Cum

161 3480 234 3537 enim
255 3483 443 3558 antiquissima
471 3480 677 3538 bistitutionum
703 3479 863 3552 exemplaria
890 3485 936 3532 aut
964 3479 991 3532 in
1024 3476 1128 3532 oriente
