2464 3916
178 225 239 292 142
309 241 344 276 nu
364 239 521 277 uocnmoaue
540 239 575 275 nr
595 238 793 276 counucrtmvu
813 223 864 287 ΙΙΙ,
883 227 915 274 ‘ll
934 221 997 292 (25).

176 402 231 441 nou
253 384 419 456 susceperit,
449 397 561 438 securus
582 382 641 438 erit.
686 379 756 436 idem
777 387 804 436 et
825 381 852 436 in
875 381 973 436 ceteris
988 379 1148 437 animalibus

176 470 328 542 ceterisque
343 466 423 524 rebus
446 465 640 540 intellegimus.
671 467 767 538 utique
783 472 870 520 tamen
885 463 1094 522 vindicationem
1110 468 1150 522 rei

176 561 203 609 et
218 551 417 609 condictionem
434 550 558 607 exhibere
574 549 682 606 debebit
697 551 827 623 emptori,
849 551 911 623 quia
925 566 1005 622 saue,
1028 551 1074 623 qui
1090 567 1147 605 rem

175 637 296 693 nondum
317 637 433 709 emptori
454 634 578 706 tradidit,
600 634 687 690 adhuc
707 635 765 708 ipse
786 633 911 690 dominus
930 642 981 690 est.
1017 633 1089 690 idem
1106 643 1148 690 est
1226 685 1227 708 ἶ

139 731 157 778 4
175 721 255 777 etiarn
275 720 309 776 de
331 721 396 776 lurti
417 727 444 776 et
464 719 498 776 de
513 719 602 775 clamni
621 720 732 775 iniuriae
752 720 867 776 actione.
904 717 1010 793 limptio
1027 727 1081 774 tam
1096 718 1147 774 sub
1226 725 1227 776 ἶ

175 805 333 862 condicione
355 821 434 878 quam
456 821 523 878 pure
538 803 662 860 contrahi
682 809 784 877 potest.
821 802 870 858 sub
886 803 1046 860 condicione
1062 803 1146 858 veluti

176 907 205 950 si
229 905 361 948 screnus
386 905 482 946 rauna
509 903 636 946 osauuu
657 903 736 944 nuru
761 878 827 945 ruer
850 903 1044 959 ruacuumu,
1072 903 1146 944 unm

140 984 241 1033 orror
261 989 385 1032 umerus
405 988 520 1031 nunnus
541 988 612 1030 ror.
664 971 734 1028 Loca
754 989 828 1028 sacra
849 973 889 1028 vel
910 973 1053 1047 religiosa,
1081 974 1147 1028 item

174 1059 295 1134 publica,
311 1059 394 1115 veluti
409 1058 514 1130 lorum,
529 1057 680 1128 basilicam,
696 1056 797 1112 frustra
812 1058 873 1130 quis
888 1059 975 1114 sciens
988 1057 1064 1129 emit,
1080 1073 1147 1132 quas

174 1153 263 1200 tamen
279 1146 302 1198 si
317 1161 366 1218 pro
382 1144 493 1222 privatis
508 1142 550 1198 vel
564 1141 702 1216 prolenis,
724 1141 855 1216 deceptus
870 1159 884 1196 a
899 1141 1056 1214 venditore,
1076 1158 1149 1197 eme-

174 1230 225 1299 rit,
241 1227 349 1284 habebit
364 1229 497 1284 actionem
513 1243 545 1283 eu
561 1234 669 1300 empto,
692 1225 766 1300 quod
781 1242 836 1282 uon
852 1226 950 1283 habere
965 1228 990 1282 ei
1005 1225 1100 1297 liceat,
1117 1236 1149 1280 ut

174 1320 372 1386 consequatur,
399 1312 472 1387 quod
499 1329 548 1367 sua
572 1313 702 1383 interest,
731 1310 876 1385 deceptum
902 1327 963 1368 eum
991 1327 1047 1368 non
1074 1327 1147 1368 esse.
1227 1353 1228 1360 κ

174 1397 243 1454 idern
260 1399 326 1454 iuris
342 1406 399 1470 est,
416 1399 438 1453 si
455 1398 591 1454 hominem
607 1395 719 1452 liberum
735 1411 785 1469 pro
801 1413 880 1452 servo
896 1397 1000 1452 emerit.
1227 1393 1228 1400 ’

525 1594 582 1635 urr.
597 1593 675 1634 xx1v
698 1591 787 1641 (xxv).

341 1699 390 1748 DE
411 1697 621 1748 LOCATIONB
639 1695 688 1746 ΕΤ
707 1695 977 1750 CONDUCTIONE.

122 1839 156 1878 1³1.
239 1813 367 1875 ¹Locatio
389 1828 416 1875 et
436 1819 581 1876 conductio
604 1820 726 1892 proxima
748 1827 790 1875 est
804 1820 935 1892 emptioni
955 1828 983 1875 ct
997 1819 1146 1876 venditioni

171 1904 323 1978 iisdemque
343 1905 409 1960 iuris
425 1903 528 1978 regulis
545 1896 700 1959 consistit²
744 1919 805 1959 nam
821 1912 850 1958 ut
865 1905 965 1978 emptio
982 1913 1010 1960 et
1024 1903 1142 1960 venditio

172 1991 209 2045 ita
229 1989 412 2062 contrahitur,
439 1988 516 2044 side
536 1989 625 2062 pretio
647 1989 818 2060 convenerit,
845 1989 884 2044 sic
899 1990 979 2044 etiam
1001 1988 1098 2045 locatio
1115 1998 1145 2045 et

172 2073 317 2132 conductio
333 2075 369 2130 ita
384 2074 508 2130 contrahi
522 2074 706 2148 intellegitur,
722 2073 744 2128 si
760 2088 862 2129 merces
877 2075 1026 2129 constituta
1040 2075 1084 2128 sit.
1118 2082 1145 2129 et

172 2161 302 2234 competit
327 2159 441 2216 locatori
467 2159 575 2232 quidem
599 2159 681 2214 locati
701 2159 786 2230 actio,
812 2157 972 2214 conductori
993 2174 1058 2214 vero
1079 2175 1145 2214 con·

139 2249 152 2295 1
172 2247 255 2302 ducti.
300 2243 334 2299 Et
349 2262 418 2318 quae
433 2243 659 2318 supradiximus,
682 2244 705 2298 si
719 2241 807 2298 alieno
823 2241 933 2298 arbitrio
948 2245 1066 2316 pretium
1080 2260 1145 2317 per·

171 2333 283 2388 missum
298 2330 397 2401 luerit,
414 2330 506 2385 eadem
522 2337 549 2384 et
564 2328 598 2384 de
612 2328 747 2386 locatione
763 2335 789 2384 et
804 2327 985 2384 conductione
1000 2327 1071 2383 dicta
1081 2345 1144 2384 esse
1229 2389 1230 2408 ,

171 2415 376 2488 intellegamus,
398 2415 420 2469 si
437 2415 525 2470 alieno
541 2412 650 2468 arbitrio
666 2429 769 2469 merces
784 2412 914 2485 permissa
929 2411 1020 2468 luerit.
1068 2405 1144 2480 ³Qua

132 2519 135 2526 ·
172 2499 204 2555 de
220 2514 299 2554 causa
314 2499 337 2552 si
351 2497 449 2553 lulloni
464 2495 591 2571 polieuda
606 2496 754 2552 curandave
769 2503 816 2552 aut
831 2497 989 2552 seminatori
1004 2497 1143 2554 sarcienda

171 2584 331 2640 vestimenta
352 2583 412 2655 quis
434 2581 539 2637 dederit
559 2581 633 2637 nulla
654 2583 745 2638 statim
765 2581 888 2638 mercede
908 2583 1073 2654 constituta,
1093 2582 1142 2638 sed

170 2677 265 2742 postea
287 2674 390 2723 tanturn
411 2666 541 2736 daturus,
572 2673 700 2740 quantum
722 2668 861 2722 intereos
883 2668 1056 2738 convenerit,
1085 2683 1142 2722 non

170 2755 280 2828 proprie
301 2751 400 2808 locatio
422 2759 449 2807 et
470 2749 615 2808 conductio
630 2751 752 2806 contrahi
773 2751 958 2825 intellegitur,
978 2750 1027 2806 sed
1042 2767 1073 2806 eo
1090 2767 1141 2806 no·
1229 2793 1230 2808 1

136 2839 242 2894 imino
268 2838 441 2911 praescriptis
465 2835 551 2892 verbis
573 2838 643 2892 actio
670 2836 757 2891 datur.
799 2835 939 2892 Praeterea
966 2836 1037 2891 sicut
1057 2835 1141 2910 vulgo
1229 2833 1230 2882 ἶ

171 2921 363 2996 quaerebatur,
386 2939 419 2976 an
439 2921 598 2994 permutatis
613 2919 694 2976 rebus
710 2921 811 2995 emptio
828 2929 855 2976 et
870 2919 988 2976 venditio
1007 2920 1142 2976 contrahi-

171 3015 227 3062 tur:
249 3007 285 3061 ita
307 3008 399 3079 quaeri
420 3004 524 3062 solebat
545 3005 578 3061 de
599 3005 734 3062 locatione
756 3015 783 3061 et
803 3004 998 3076 conductione,
1025 3005 1046 3060 si
1068 3003 1141 3060 iorte

170 3109 226 3148 rem
242 3091 358 3164 aliquam
373 3090 422 3147 tibi
433 3091 560 3148 utendam
575 3091 632 3146 sive
641 3090 786 3146 -lruendam
797 3091 856 3163 quis
868 3089 973 3145 dederit
985 3097 1012 3146 et
1027 3089 1141 3145 invicem
1229 3159 1230 3162 Ἴ

170 3185 226 3234 ate
242 3176 319 3232 aliam
342 3175 468 3232 utendam
489 3178 545 3231 sive
566 3175 705 3231 fruendam
726 3176 868 3249 acceperit.
910 3182 937 3230 et
951 3174 1067 3248 placuit,
1083 3189 1141 3229 nou

240 3390 258 3453 ¹)
275 3393 333 3455 fere
350 3412 384 3432 =
402 3393 434 3443 L.
453 3391 469 3438 2
486 3406 527 3453 pr.
547 3390 579 3437 li.
599 3393 645 3442 loc.
666 3386 718 3455 (19,
737 3387 763 3452 2)
790 3405 825 3440 esc
853 3391 910 3440 uait
927 3394 943 3442 l.
963 3391 979 3439 2
996 3404 1048 3441 rer.
1068 3397 1137 3453 quot.

170 3455 190 3517 ²)
208 3461 278 3508 vnulti
294 3461 368 3510 codd.
391 3457 501 3522 Tbeopb.
530 3459 683 3506 consistunt
710 3472 745 3506 cm
772 3459 830 3508 aliie
847 3457 921 3508 codd.
940 3459 999 3508 edd.
1019 3456 1093 3506 Sebr.
1112 3463 1138 3506 et
1228 3463 1229 3478 ¹

170 3523 220 3570 Kr.
290 3522 310 3588 8)
329 3547 362 3566 =
382 3527 437 3576 dat.
457 3527 481 3580 3.
502 3525 549 3574 143
567 3531 625 3572 naut.
