2464 3916
192 229 226 262 on
246 227 386 263 assumus
404 225 593 262 ununnrouuu
613 225 802 263 soccossrous
821 211 872 274 ΙΙΙ,
891 214 915 261 2.
980 209 1040 274 105

81 369 162 424 iuerat
177 377 332 442 acceptura,
356 367 397 422 vel
420 375 498 442 pater
513 383 607 424 eorum
623 367 665 423 uel
680 384 745 423 avus
766 375 895 441 paternus
917 368 972 422 sive
987 384 1039 422 ma·

81 465 181 525 ternus,
203 453 311 526 quando
326 452 424 508 femina
439 460 546 507 mortua
561 453 612 522 sit,
633 453 710 507 euius
726 452 759 508 de.
774 451 923 508 hereditate
938 452 1039 525 agitur,

81 539 183 610 hisque,
204 537 267 593 licet
287 536 339 592 soli
360 537 429 608 sint,
451 535 610 592 adeuntibus
626 535 758 610 adgnatos
773 537 881 592 minime
896 535 1037 592 uocabant.

80 631 103 676 et
117 621 340 694 quemadmodum
354 620 397 676 leu
413 620 556 676 duodecim
573 619 721 676 tabularum
737 619 793 677 utto
805 629 913 676 mortuo
924 627 1039 694 nepotes

80 706 115 761 uei
130 714 224 780 neptes
240 706 281 762 rei
303 713 469 780 pronepotes
486 713 513 760 et
533 713 681 778 proneptes
697 705 829 762 inlocum
851 706 934 777 patris
950 705 1040 759 suiad

79 793 271 846 successionem
287 792 328 846 avi
343 798 433 846 vocat:
456 791 492 844 ita
508 798 535 844 et
550 789 706 862 principalis
722 781 885 864 dispositio¹
907 791 934 844 in
950 789 1039 844 locum

79 876 163 930 matris
186 891 251 930 suae
266 875 308 931 val
324 875 396 930 aviae
413 890 459 930 eos
476 891 537 930 cum
557 874 608 928 iam
625 873 765 948 designata
784 875 869 948 partis
884 873 980 928 tertiae
995 873 1040 928 de·
1218 931 1219 934 ,

79 961 221 1015 minutione
237 968 323 1016 vocat.
355 958 408 1014 Sed
423 975 490 1030 nos,
506 975 568 1014 cum
583 957 670 1013 adhuc
685 957 815 1014 dubitatio
832 956 956 1013 manebat
970 957 1042 1012 inter
1061 961 1092 1009 16
1197 1027 1200 1032 Ι

79 1043 204 1117 adgnatos
219 1052 247 1098 et
261 1051 424 1100 memoratos
440 1051 571 1116 nepotes,
587 1051 688 1116 partem
705 1052 826 1116 quartam
842 1041 964 1098 defuncti
979 1040 1042 1096 sub·

79 1129 185 1184 stantiae
206 1127 329 1202 adgnatis
350 1126 401 1182 sibi
417 1121 614 1184 vindicantibus
630 1144 662 1182 ex
677 1127 816 1183 cuiusdam
836 1126 1041 1182 constitutionis

79 1214 243 1284 auctoritate,
259 1220 432 1268 memoratam
448 1212 556 1284 quidem
571 1212 795 1268 constitutionem
811 1228 824 1265 a
839 1219 936 1266 nostro
948 1209 1041 1266 codice

80 1299 273 1371 segregavimus
295 1313 384 1370 neque
406 1297 489 1352 inseri
509 1312 566 1352 eam
588 1313 620 1351 eu
640 1295 829 1352 Theodosiano
851 1295 945 1351 codice
964 1296 991 1349 in
1008 1311 1040 1349 eo

81 1382 264 1437 concessimus.
296 1390 389 1436 nostra
403 1388 492 1436 autem
505 1373 722 1436 constitutione2
737 1380 907 1454 promulgata
923 1380 975 1434 toti
990 1379 1041 1433 iuri

80 1465 131 1519 eius
151 1465 310 1539 derogatum
329 1473 371 1520 est
386 1472 414 1520 et
428 1465 581 1535 sanximus,
603 1463 701 1520 talibus
723 1463 867 1537 nepotibus
883 1479 915 1518 en
930 1461 983 1518 filia
999 1461 1042 1516 vel

79 1546 269 1623 pronepotibus
281 1566 313 1606 en
329 1557 411 1622 nepte
427 1557 454 1603 et
468 1549 595 1622 deinceps
611 1547 816 1621 superstitibus,
832 1547 964 1622 adgnatos
980 1544 1040 1601 nub

78 1631 123 1688 lam
143 1640 248 1706 partem
270 1635 370 1689 mortui
390 1633 571 1689 successionis
592 1631 642 1688 sihi
664 1632 812 1703 vindicare,
834 1649 869 1688 ne
885 1632 928 1702 bi,
947 1631 992 1703 qui
1009 1647 1041 1685 eu

79 1724 224 1774 transversa
251 1718 320 1774 linea
343 1719 471 1788 veniunt,
497 1718 620 1791 potiores
643 1717 684 1772 bis
705 1715 868 1787 habeantur,
899 1715 943 1788 qui
965 1721 1042 1770 recto

77 1802 130 1857 iure
146 1801 326 1858 descendunt:
343 1817 422 1875 quam
438 1803 662 1858 constitutionem
678 1809 798 1856 nostram
811 1799 934 1856 obtinere
946 1815 1042 1855 secun·

78 1884 136 1941 dum
152 1887 193 1941 sui
219 1887 339 1958 vigorem
362 1894 389 1940 et
411 1893 532 1959 tempora
554 1893 581 1941 et
603 1903 674 1942 nunc
693 1887 836 1942 sancimus.
881 1887 919 1940 ita
934 1875 1042 1940 tameu³

78 1967 298 2042 quemadmodum
334 1971 404 2026 inter
438 1967 508 2026 tilios
539 1977 567 2026 et
595 1979 710 2044 nepotes
740 1986 773 2025 en
804 1967 860 2024 filio
896 1970 1041 2042 antiquitas

78 2057 168 2110 statuit
189 2071 244 2110 arou
264 2055 291 2110 iu
314 2055 400 2127 capita
415 2054 469 2130 sed
484 2056 511 2108 in
527 2056 625 2127 stirpes
646 2054 728 2109 dividi
749 2053 944 2123 hereditatem,
971 2054 1042 2107 simi·

77 2137 135 2193 liter
150 2155 200 2194 nos
215 2140 286 2194 inter
302 2136 371 2194 iiiios
384 2147 411 2194 ct
423 2146 537 2212 nepotes
549 2154 581 2193 en
597 2137 650 2192 iilia
665 2137 883 2194 distributionem
896 2134 954 2190 iieri
968 2134 1043 2190 iube·

77 2237 149 2294 tuus,
171 2223 213 2278 vel
227 2225 300 2278 inter
315 2237 409 2278 omues
423 2231 539 2296 nepotes
555 2231 582 2278 et
598 2229 693 2295 neptes
710 2229 737 2276 et
752 2221 817 2276 alias
838 2219 965 2292 deinceps
981 2235 1042 2293 per·

13 2333 15 2342 =
78 2323 169 2379 sonas,
190 2316 221 2364 ut
241 2315 355 2380 utraque
375 2308 522 2380 progenies
538 2308 630 2362 matris
646 2323 711 2362 suae
726 2305 768 2360 vel
790 2305 890 2377 patris,
913 2305 986 2359 aviae
1001 2303 1043 2358 vel

77 2393 115 2446 aui
138 2393 290 2464 portionem
317 2393 376 2446 sine
398 2391 452 2446 ulla
478 2391 663 2446 deminutione
685 2396 901 2462 consequantur,
932 2383 995 2460 et,⁴
1020 2389 1043 2443 si

14 2467 15 2472 ’
78 2474 146 2531 iorte
161 2493 229 2532 unus
245 2475 287 2531 vel
310 2475 364 2531 duo
380 2492 412 2531 eu
434 2493 487 2531 una
507 2482 600 2548 parte,
623 2491 655 2530 en
676 2475 758 2530 altera
773 2483 830 2530 tres
847 2481 893 2528 aut
914 2481 1044 2546 quattuor

76 2568 176 2632 extent,
191 2577 262 2616 unus
278 2568 324 2615 aut
339 2559 394 2615 duo
406 2554 550 2630 dimidiam,
567 2561 644 2616 alteri
659 2567 715 2615 tres
727 2565 773 2614 aut
789 2567 919 2632 quattuor
934 2558 1044 2614 aiteram

77 2643 207 2700 dimidiam
221 2644 379 2700 hereditatis
394 2643 517 2700 habeant.

507 2790 564 2830 TIT.
577 2790 608 2830 11.

160 2877 208 2928 DE
227 2875 409 2928 LEGITIMA
428 2874 683 2926 ADGNATORUM
702 2873 959 2926 SUOCESSIONE.

140 2983 165 3039 Si
185 3000 265 3039 nemo
286 3000 352 3038 suus
373 2983 452 3038 heres
468 2979 510 3036 vel
526 2997 637 3052 eorum,
659 2998 728 3054 quos
750 2983 821 3038 iuter
842 2997 907 3036 suos
928 2978 1042 3036 heredes
1061 2991 1095 3030 er.

81 3076 184 3136 praetor
198 3067 241 3123 vel
255 3068 465 3124 constitutiones
477 3073 584 3137 vocant,
600 3073 673 3120 extat
684 3059 750 3120 aut⁵
765 3066 965 3121 successionem
978 3080 1046 3138 quo·

85 3181 274 3192 Ἢ

144 3231 163 3294 ¹)
181 3233 214 3282 L.
233 3235 258 3283 9.
280 3233 306 3284 0.
325 3234 367 3284 cit.
454 3229 474 3294 ²)
492 3231 525 3281 L.
546 3232 587 3282 10.
607 3231 633 3281 C.
655 3232 712 3283 eod.
800 3227 820 3292 ⁸)
838 3229 879 3278 ita
903 3233 997 3280 tamen
1015 3232 1046 3275 ut

83 3297 151 3352 codd.
178 3307 202 3350 et
229 3301 288 3350 edd.
307 3301 355 3350 sed
380 3301 512 3350 delendam
538 3301 615 3350 uisum
640 3306 684 3360 ut,
712 3313 765 3347 eum
783 3313 829 3347 nec
849 3296 960 3360 Tbeopd.
983 3295 1046 3344 daec

84 3370 150 3425 quasa·
168 3370 368 3433 supplementum
397 3373 491 3418 tantum
509 3367 608 3431 prioris
634 3365 820 3416 constitutionis
845 3364 953 3427 referat.
1022 3359 1044 3425 4)

86 3431 189 3498 Tbeopb.
216 3440 248 3484 ui
266 3436 340 3486 codd.
360 3437 418 3485 edd.
489 3433 509 3497 ⁸)
532 3433 658 3498 Tbeopi:
677 3435 753 3495 codd,
773 3435 842 3482 inter
859 3435 890 3481 ui
906 3433 946 3482 oet
963 3433 991 3479 et
1007 3433 1046 3478 oet

85 3502 109 3546 et
126 3503 170 3566 qui
188 3511 213 3554 et
230 3505 321 3554 similia
338 3505 447 3552 varient.
