2484 3916
205 176 354 225 remouens
374 179 517 220 rsnsouas
536 181 620 220 nonis
638 181 817 224 nnousmruo
834 168 872 231 ll,
891 172 915 219 9.
1012 167 1053 232 57

80 321 210 392 solvunt,
231 337 288 377 non
309 319 340 377 fit
360 323 531 396 accipientis,
553 337 614 378 cum
634 323 737 380 scilicet
758 323 860 382 nullius
875 327 916 382 rei
930 325 1054 383 alienatio

79 407 120 462 eis·
135 407 196 462 sine
211 407 312 462 tutoris
328 409 487 462 auctoritate
502 423 632 464 concessa
647 416 711 463 est.

509 603 568 644 TIT.
586 603 628 644 IX.

175 705 251 754 rsa
268 683 364 768 Quas
382 704 571 757 rnnsonns
590 705 699 758 noers
717 704 960 770 nnomnrrun.

146 819 326 900 1Adquirnur
339 827 418 884 nobis
432 844 488 884 non
503 827 592 884 solnm
607 845 656 904 per
670 836 778 886 nosmet
797 832 889 903 ipsos,
909 831 957 886 sed
973 833 1052 890 etiam
1070 847 1105 888 rr.

74 927 211 986 percos,
234 927 303 985 qnos
318 913 346 967 in
366 919 504 986 potestate
520 912 663 969 habemns:
686 915 752 970 item
767 931 878 988 percos
894 931 1005 986 servos,
1026 918 1055 972 iu

75 995 178 1070 quibus
200 995 401 1052 usumfructum
420 995 564 1052 habemus:
589 998 654 1053 item
679 1015 729 1072 per
752 998 875 1055 homines
901 998 1001 1056 liberos
1026 1007 1055 1056 et

73 1097 173 1139 servos
191 1081 309 1152 alienos,
325 1097 394 1154 quos
409 1079 480 1137 bona
495 1080 548 1138 lide
562 1082 744 1154 possidemus.
776 1082 810 1138 de
825 1082 923 1157 quibus
938 1085 1053 1159 singulis

74 1165 241 1239 diligentius
262 1164 443 1239 dispiciamus.
483 1166 571 1240 Igitur
590 1163 669 1222 liberi
690 1168 774 1222 vestri
795 1169 940 1242 utriusque
960 1178 1086 1242 sexus,1

74 1266 149 1323 quos
164 1249 195 1304 in
210 1255 350 1322 potestate
365 1247 484 1320 bebetis,
507 1251 572 1306 olim
587 1251 712 1328 quidem,
735 1251 866 1325 quidquid
879 1253 912 1308 ad
928 1271 975 1309 eos
991 1271 1053 1328 per-

71 1341 192 1390 venerat
207 1333 339 1408 (exceptis
355 1333 480 1390 videlicet
500 1333 683 1391 castrensibus
704 1335 846 1410 peculiis),
867 1337 920 1393 boc
934 1341 1053 1410 parenti·

72 1418 130 1474 bus
143 1419 201 1474 suis
211 1417 388 1492 adquirebam
402 1419 461 1474 sine
478 1419 532 1474 nlla
542 1418 731 1476 distinctione:
747 1429 775 1476 et
790 1421 843 1478 hoc
857 1422 895 1476 ita
909 1429 1053 1494 parentum

72 1501 179 1573 fiebat,
200 1511 230 1558 ut
245 1510 319 1559 esset
334 1504 372 1560 eis
388 1503 513 1574 licentia,
535 1503 609 1577 quod
630 1521 778 1578 perunum
794 1505 836 1560 vel
856 1521 936 1562 unam
958 1521 1052 1562 eorum

71 1587 246 1660 adquisitum
261 1595 318 1658 cst,
340 1587 384 1643 alii
405 1581 481 1644 lilio²
500 1588 544 1643 vel
559 1595 688 1644 extraneo
704 1588 806 1644 donare
820 1589 863 1645 vel
878 1589 995 1646 vendere
1009 1590 1053 1647 vel

72 1687 254 1746 quocumque
270 1672 351 1728 modo
367 1673 520 1743 voluerant,
536 1673 677 1746 applicare.
700 1673 773 1747 quod
785 1673 863 1730 nobis
877 1675 1054 1732 inhumanum

71 1758 165 1812 visum
188 1763 272 1811 estet
286 1757 408 1830 generali
429 1750 643 1814 constitutionc³
665 1761 762 1814 emissa
777 1765 806 1814 et
819 1757 911 1814 liberis
931 1761 1053 1834 peperci·

70 1858 136 1897 mus
152 1848 183 1896 et
197 1839 320 1914 patmbns
336 1841 456 1898 debitum
470 1843 674 1898 reservavimus.
711 1843 844 1898 sancitum
858 1845 959 1900 etenim
974 1861 989 1899 a
1003 1861 1053 1900 no-

70 1925 114 1982 bis
132 1933 194 1996 est,
211 1931 257 1994 ut,
280 1927 304 1980 si
325 1926 390 2000 quid
410 1943 443 1982 ex
463 1943 493 1982 re
513 1927 598 1999 patris
621 1927 647 1982 ei
667 1926 808 1998 obveniet,
829 1927 883 1983 boc
903 1929 1053 1984 secundum

71 2011 218 2084 antiquam
240 2007 455 2066 observationem
483 2018 571 2066 totum
596 2012 702 2084 parenti
727 2011 851 2083 adquirat
876 2009 956 2084 (quae
981 2014 1053 2068 enim

23 2145 27 2152 .
69 2094 176 2151 invidia
199 2101 257 2164 est,
279 2095 353 2167 quod
374 2111 407 2150 cx
427 2097 512 2168 patris
534 2096 676 2164 occasione
696 2094 849 2167 profectum
871 2101 928 2165 est,
950 2096 1003 2150 hoo
1019 2095 1052 2150 ad

71 2196 138 2235 eum
153 2182 257 2234 reverti
265 2176 302 2251 ?):
324 2179 398 2252 qnod
419 2186 509 2235 autem
524 2195 558 2234 ex
579 2179 629 2234 alia
644 2193 724 2234 causa
739 2177 789 2232 sibi
805 2175 990 2234 filiusfamilias
1007 2177 1052 2233 ad·

71 2265 200 2338 quisivit,
216 2263 297 2318 huius
309 2263 510 2320 usumfructum
524 2262 633 2337 quidem
647 2263 719 2336 patri
733 2262 857 2334 adquirat
864 2253 887 2332 ,¹¹
903 2261 1053 2318 dominium

70 2355 169 2404 autem
192 2346 264 2422 apud
285 2363 347 2404 eum
367 2355 520 2419 remaneat,
546 2365 597 2417 ne,
622 2346 696 2421 quod
723 2347 748 2402 ei
767 2347 824 2402 suis
850 2345 988 2403 laboribus
1009 2348 1053 2404 vel

69 2448 211 2508 prospera
226 2431 337 2488 lortmra
351 2434 480 2506 accessit,
496 2433 591 2488 hocin
607 2431 688 2487 alium
702 2432 879 2506 perveniens,
894 2432 1052 2488 luctuosum

70 2520 96 2574 ei
117 2516 264 2592 procedat.
301 2515 414 2590 Hocque
434 2515 542 2572 anobis
563 2516 724 2590 dispositum
745 2525 788 2572 est
808 2523 836 2572 et
855 2518 884 2572 in
900 2533 931 2572 ea
950 2519 1052 2590 specie,
1068 2525 1085 2574 2

71 2603 120 2658 ubi
136 2618 239 2676 parens
255 2601 447 2676 emancipando
462 2600 576 2656 liberum
598 2617 630 2656 en
645 2599 742 2672 rebus,
759 2616 828 2674 quae
843 2601 1052 2674 adquisitionem

70 2687 231 2762 effugiunt,
251 2685 302 2742 sibi
322 2694 427 2760 partem
441 2687 547 2742 tertiam
564 2687 698 2756 retinere,
719 2686 743 2740 si
757 2685 895 2755 voluerat,
916 2684 1051 2740 licentiam

70 2788 106 2827 ex
122 2769 310 2827 anterioribus
321 2769 563 2827 constitutionibus
575 2767 710 2841 habebat,
726 2769 802 2842 quasi
816 2785 867 2842 pro
883 2770 971 2842 pretio
984 2785 1052 2842 quo·

71 2855 223 2912 dammodo
247 2856 484 2930 emancipationis,
506 2862 534 2910 et
548 2855 722 2910 inhumanum
738 2847 885 2926 quiddam⁵
905 2851 1052 2926 accidebat,

70 2949 103 2996 ut
119 2939 196 2996 lilius
211 2955 302 2996 rerum
318 2956 428 2996 suarum
441 2955 474 2996 en
489 2939 539 2995 hac
548 2939 759 3012 emancipatione
775 2937 895 2994 dominio
909 2955 960 3012 pro
975 2946 1052 3012 parte

145 3189 166 3254 1)
184 3190 348 3272 ferez-Gai.
360 3191 384 3248 2,
395 3191 437 3240 86.
447 3191 489 3240 87.
500 3187 533 3237 L.
545 3203 588 3252 pr.
599 3188 639 3237 10.
652 3187 688 3236 D.
698 3187 731 3236 de
743 3201 801 3250 aeq
809 3201 863 3237 rer.
875 3190 940 3238 dom.
953 3187 1003 3250 (41,
1016 3185 1051 3248 1).

68 3257 91 3320 ²)
117 3256 173 3308 Wb
200 3249 289 3326 ἑτέρῳ
309 3256 398 3308 παιδί
432 3255 550 3319 Tbeopb.
572 3254 629 3305 filio
661 3270 708 3306 om.
741 3255 787 3305 olii
812 3257 887 3305 codd.
913 3259 963 3304 oet.
990 3255 1049 3304 edd.

69 3326 150 3376 Schr.
170 3333 197 3376 el
214 3326 266 3376 Kr.
355 3323 377 3390 ³)
396 3325 429 3375 L.
449 3326 474 3374 6.
495 3323 523 3376 0.
542 3323 575 3372 de
601 3321 681 3380 bonis,
700 3338 765 3386 quoe
791 3322 833 3374 lib.
853 3321 887 3386 (6,
906 3318 960 3417 612.
1028 3317 1049 3380 ⁴)

73 3394 194 3459 Tbeopb.
214 3396 291 3445 codd
318 3394 397 3457 inser
425 3391 553 3456 adquiret
576 3391 651 3440 codd.
670 3395 720 3440 oet.
739 3391 789 3440 ed.
798 3389 849 3440 Kr.
948 3387 1050 3450 )codd.

67 3463 152 3526 infer.
174 3462 240 3526 quid
257 3463 297 3513 oei
316 3459 427 3526 quidem
445 3465 494 3510 oet.
515 3457 579 3523 quid
597 3459 631 3508 ed
647 3457 701 3506 Kr.
