2464 3916
90 219 121 252 nn
138 213 316 252 uueenrrea„
338 213 412 256 cene
432 212 467 248 An
488 212 644 248 rurnsnrao
664 211 854 248 nesnnuneue
867 198 916 256 ΙΙΙ,
932 200 954 252 1,
991 195 1050 260 103

88 356 199 432 perdunt
215 355 326 429 gradum
343 354 487 410 liberorum
505 364 532 410 et
554 371 568 409 a
588 363 713 428 praetore
734 371 789 410 non
809 353 977 410 adiuvantur.
1023 364 1049 412 et

87 449 169 497 recte:
185 439 315 496 naturalia
327 441 400 494 enirn
416 441 473 494 iura
487 438 570 495 civilis
582 441 649 494 ratio
665 455 804 512 peremere
815 456 870 494 non
885 447 977 512 potest
990 457 1049 510 nee,

86 528 143 599 quia
164 525 292 580 desinunt
312 526 353 580 sui
375 523 489 580 heredes
512 539 589 595 esse,
610 523 734 580 desinere
755 531 870 598 possunt
886 522 933 579 filii
949 523 1050 580 filiaeve

87 619 127 666 aut
147 618 262 682 nepotes
272 617 407 682 neptesve
423 625 496 664 esse:
518 608 636 682 adoptivi
652 625 715 664 vero
731 609 888 681 emancipati
909 617 1050 665 extraneo·

87 711 138 750 rum
156 693 218 749 loco
234 695 366 766 incipiunt
381 709 457 763 esse,
474 695 537 766 quia
551 694 593 748 ius
609 708 763 766 nomenque
779 690 827 746 filii
842 690 960 766 filiaeve,
977 693 1049 766 quod

86 795 128 852 per
143 779 317 851 adoptionem
332 779 472 834 consecuti
488 785 562 847 sunt,
581 777 631 832 alia
646 777 715 832 civili
731 778 846 846 ratione,
862 777 945 832 idest
960 794 1050 833 ernan-

86 865 232 936 cipatione,
255 861 381 936 perdunt.
428 861 525 917 Eadem
546 862 611 917 haec
627 861 806 918 observantur
821 869 848 916 et
867 862 894 915 iu
912 877 941 916 ea
963 861 1049 918 bono·
1070 862 1100 909 12

85 965 139 1002 rum
166 948 356 1020 possessione,
387 963 465 1018 quarn
495 954 588 1002 contra
619 945 721 1002 tabulas
750 947 903 1002 testamenti
932 949 1051 1019 parentis

86 1031 171 1088 liberis
188 1032 357 1104 praeteritis,
379 1030 405 1086 id
421 1038 567 1102 estusque
583 1029 726 1086 heredibus
747 1031 878 1086 institutis
894 1046 997 1103 neque,
1020 1040 1049 1085 ut

84 1124 207 1189 oportet,
237 1115 421 1186 exheredatis,
452 1122 561 1188 praetor
581 1115 736 1188 pollicetur.
781 1131 841 1170 nam
862 1131 908 1170 eos
930 1115 1049 1188 quidem,

86 1203 127 1273 qui
148 1203 174 1262 in
195 1207 332 1274 potestate
353 1201 472 1274 parentis
488 1201 584 1255 mortis
606 1209 728 1273 tempore
748 1199 1050 1270 suerunt,ete1nanci·

87 1294 159 1358 patos
174 1293 251 1340 vocat
272 1293 381 1358 praetor
396 1284 428 1339 ad
444 1300 502 1340 earn
517 1283 651 1340 honorum
673 1285 889 1357 possessionem:
911 1300 957 1340 eos
975 1301 1049 1355 vero,

88 1371 170 1442 quiin
186 1369 311 1442 adoptiva
326 1369 424 1426 familia
440 1369 551 1424 suerunt
571 1385 620 1442 per
636 1369 686 1424 hoc
703 1377 824 1441 tempus,
846 1384 900 1440 quo
921 1369 1048 1424 naturalis

86 1470 177 1526 parens
194 1461 356 1523 moreretur,
372 1453 490 1526 repellit.
520 1453 584 1508 item
597 1452 736 1525 adoptivos
752 1451 851 1508 liberos
867 1454 1048 1525 emancipatos

85 1537 115 1592 ab
129 1537 255 1610 adoptivo
277 1546 353 1610 patre
374 1539 445 1592 sieut
467 1535 498 1591 ab
519 1537 663 1607 intestato,
685 1538 721 1592 ita
741 1536 824 1609 longe
845 1537 932 1591 miuus
954 1545 1048 1592 contra

85 1621 184 1676 tabulas
200 1623 354 1678 testamenti
369 1621 401 1677 ad
417 1621 487 1677 bona
501 1623 560 1677 eius
576 1621 708 1691 admittit,
725 1621 785 1693 quia
800 1620 927 1676 desinunt
941 1622 968 1676 in
983 1621 1048 1677 libe·

85 1723 173 1760 rorum
190 1722 303 1761 numero
324 1723 394 1762 esse.
439 1705 607 1762 Admonendi
628 1714 717 1761 tamen
737 1721 845 1776 sumus,
867 1721 932 1776 eos,
954 1707 1000 1779 qui
1021 1707 1049 1761 in
1069 1710 1100 1760 13

84 1790 205 1863 adoptiva
226 1789 403 1846 familiasunt
419 1791 497 1863 quive
513 1798 705 1864 postmortem
727 1789 855 1845 naturalis
877 1791 995 1862 parentis
1017 1789 1049 1845 ab

84 1875 208 1948 adoptivo
230 1882 306 1948 patre
328 1877 485 1948 emancipati
507 1875 622 1946 luerint,
652 1876 781 1930 intestato
802 1881 914 1947 parente
935 1873 1049 1931 naturali

85 1968 202 2030 mortuo,
217 1959 281 2016 lieet
296 1976 326 2015 ea
341 1970 417 2032 parte
433 1958 524 2030 edicti,
541 1975 593 2031 que
608 1957 685 2014 liberi
701 1958 733 2014 ad
748 1957 882 2014 bonorum
898 1960 1050 2031 possessio-

85 2060 142 2098 nem
163 2053 309 2115 vocantur,
331 2061 386 2100 non
407 2043 597 2113 admittantur,
620 2043 670 2097 alia
692 2051 780 2098 tamen
801 2050 877 2114 parte
898 2045 1000 2113 vocari,
1022 2043 1048 2098 id

85 2136 124 2183 est
139 2145 191 2200 qua
206 2130 315 2202 cognati
330 2128 451 2184 defuncti
466 2135 605 2183 vocantur.
646 2143 679 2181 ex
695 2143 746 2199 qua
761 2135 837 2198 parte
852 2127 889 2180 ita
905 2126 1049 2183 admittun-

86 2220 143 2283 tur,
164 2215 188 2268 si
207 2229 296 2286 neque
317 2215 358 2268 sui
379 2211 493 2268 heredes
508 2210 585 2267 liberi
601 2227 689 2284 neque
704 2212 863 2283 emancipati
879 2208 988 2266 obstent
1003 2229 1049 2267 ne-

86 2313 136 2367 que
151 2297 282 2371 adgnatos
298 2298 406 2371 quidem
421 2296 493 2352 ullus
509 2297 682 2351 interveniat:
698 2301 761 2349 ante
776 2295 846 2350 enim
861 2303 971 2368 praetor
984 2294 1048 2352 lihe-

85 2396 129 2434 ros
151 2390 227 2438 vocat
248 2391 301 2437 tarn
316 2399 381 2438 suos
403 2381 516 2437 heredes
533 2395 613 2453 quarn
629 2380 826 2452 emancipatos,
848 2378 944 2434 deinde
960 2379 1049 2455 legiti-

84 2479 143 2520 mos
158 2466 287 2538 heredes,
309 2465 405 2522 deiude
425 2467 563 2538 proximos
579 2473 722 2538 cognatos.
758 2462 810 2518 Sed
827 2480 857 2518 ea
872 2465 961 2520 omnia
982 2466 1049 2520 anti·
1069 2469 1100 2518 14

82 2550 178 2620 quitali
202 2550 308 2622 quidem
335 2551 508 2624 placuerunt:
538 2549 653 2622 aliquam
680 2556 769 2604 autem
796 2547 1011 2604 emendationem
1034 2567 1047 2604 a

85 2628 404 2702 nostraconstitutione1
421 2643 597 2707 acceperunt,
614 2649 694 2705 quarn
709 2648 791 2705 super
806 2632 847 2686 lris
862 2634 985 2705 personis
1000 2650 1050 2706 po·

86 2719 199 2789 suimus,
222 2735 290 2792 quae
311 2736 325 2773 a
346 2718 466 2793 patribus
486 2719 542 2772 suis
563 2715 729 2772 naturalibus
750 2719 777 2771 in
798 2715 969 2788 adoptionem
991 2717 1048 2771 aliis

87 2800 188 2858 dantur.
233 2805 383 2860 invenimus
406 2803 504 2858 etenim
525 2801 673 2858 nonnullos
694 2817 788 2872 casus,
803 2801 831 2855 in
847 2798 943 2872 quihus
959 2798 1006 2856 filii
1022 2809 1049 2856 et

89 2887 240 2943 naturalium
256 2897 397 2962 parentum
415 2889 614 2942 successionem
629 2893 743 2960 propter
758 2884 930 2958 adoptionem
946 2887 1050 2941 amitte·

89 2967 149 3026 bant
163 2981 203 3043 et,
224 2972 371 3046 adoptione
392 2972 469 3028 laoile
485 2987 534 3045 per
549 2972 789 3043 emancipationem
803 2969 908 3041 soluta,
931 2970 963 3025 ad
984 2987 1050 3026 neu-

90 3055 152 3110 trius
162 3059 244 3128 putris
257 3059 456 3114 successionem
470 3055 639 3111 vocabantur.
668 3055 720 3110 lroc
731 3054 813 3110 solito
825 3070 900 3109 more
911 3056 1050 3129 corrigen-

92 3144 143 3209 tes,
158 3143 377 3200 coustitutionem
393 3142 564 3214 scripsimus,
581 3156 630 3213 per
645 3155 724 3212 quarn
740 3137 924 3210 delinivimus,
942 3139 1048 3212 quando

92 3237 179 3292 parens
194 3227 323 3284 naturalis
346 3226 429 3282 filium
445 3241 524 3280 suurn
541 3223 720 3297 adoptandum
737 3223 782 3280 alii
803 3223 923 3295 dederit,
944 3224 1049 3296 integra

93 3387 281 3401 Ἢ·-

156 3490 172 3552 1)
193 3495 221 3544 L.
242 3498 279 3544 10.
299 3495 327 3543 C.
346 3495 377 3542 de
396 3495 485 3555 adopt.
505 3489 541 3558 (8,
559 3494 591 3540 47
609 3495 643 3540 ol.
662 3491 716 3553 48).
