2464 3916
218 179 320 234 eureus
338 181 423 218 uonrs
444 183 598 218 onurearro
617 183 759 218 aonnruun
777 168 829 230 ΙΙΙ,
848 170 880 220 19
900 167 964 234 (30).
1017 166 1077 231 153

106 315 225 380 nnsvu¹
247 338 370 380 nouovn
391 340 476 382 uano
496 339 636 396 numani,
662 341 724 388 Quo
739 341 835 382 uiuus
850 319 1077 394 rossrnnnuu,²

107 422 227 472 cunum
243 423 389 472 ouanoun
404 423 511 467 nanum
526 425 634 466 uanum
653 426 711 466 uns
726 427 818 480 mur,
840 425 969 467 neuram
983 425 1078 468 encu-

105 507 184 550 uruu
203 508 279 549 nuru
299 509 492 550 srmunauus
514 509 574 550 nur
595 508 697 552 nunus
723 509 874 564 nunnius,
898 509 1077 552 suopouoru

104 592 262 634 uouemus
281 591 441 636 muamus.
478 579 544 634 item
565 594 580 632 e
600 577 707 633 diverso
723 577 866 634 Numerius
886 578 1016 653 Negidius
1036 581 1077 634 in-

105 662 254 734 terrogavit
274 661 371 717 Aulum
393 663 535 737 Agerium:
566 678 724 726 Quinuurn
751 677 817 720 uuor
836 677 1000 720 nominituo
1020 679 1076 719 nin

104 761 167 802 rnn
180 761 652 810 Adu1n1unnmsuiuunur10unu
674 762 847 817 spurcum,
868 763 902 802 1n
924 763 1007 804 ouran
1022 765 1077 804 sua·

103 845 205 887 ausum
226 832 409 888 euenerunt?
436 831 577 905 respondit
598 831 683 886 Aulus
705 832 837 906 Agerius:
857 846 962 887 mn«)
983 847 1077 890 accu-

103 931 191 971 Puuua
212 914 253 970 vel
272 923 299 971 et
320 929 487 974 accurrunt
507 908 615 974 ruu1.³
644 909 805 972 ⁴Praeterea
832 917 978 972 novatione
1002 916 1110 974 tolli-3

105 1006 152 1054 tur
168 997 306 1073 obligatio.
338 1000 422 1056 veluti
436 1002 460 1056 si
475 1001 518 1072 id,
541 1000 615 1074 quod
635 1009 667 1056 tu
682 1000 745 1056 Seio
761 999 875 1072 debeas,
896 1018 911 1054 a
926 999 997 1055 Titio
1020 1000 1077 1054 dari

104 1083 250 1156 stipulatus
272 1085 316 1140 sit.
352 1101 412 1140 uam
433 1087 589 1141 interventu
610 1088 695 1141 novae
715 1101 849 1158 personae
870 1101 939 1140 nova
958 1085 1078 1140 nascitur

106 1165 237 1241 obligatio
258 1176 285 1224 et
306 1171 390 1242 prima
412 1169 518 1225 tollitur
538 1170 667 1226 translata
687 1171 715 1225 in
735 1170 934 1242 posteriorem,
956 1169 1024 1225 adeo
1045 1175 1077 1224 ut

105 1251 256 1324 interdum,
278 1253 342 1309 licet
361 1255 499 1327 posterior
518 1255 656 1328 stipulatio
676 1253 780 1310 inutilis
803 1254 854 1324 sit,
881 1261 971 1309 tamen
991 1255 1077 1328 prima

108 1337 258 1392 novationis
273 1337 331 1393 lure
347 1338 473 1394 tollatur:
495 1339 579 1395 veluti
594 1340 617 1394 si
632 1339 676 1409 id,
692 1338 765 1411 quod
781 1338 852 1393 Titio
869 1344 899 1393 tu
915 1337 1046 1408 debebas,
1062 1353 1077 1391 u

105 1420 209 1494 pupillo
226 1423 283 1477 sine
299 1423 399 1478 tutoris
414 1424 574 1480 auctoritate
590 1422 736 1496 stipulatus
751 1421 850 1494 suerit,
872 1438 927 1495 quo
948 1438 1013 1477 casu
1033 1437 1077 1476 res

105 1506 252 1560 amittitur:
273 1523 333 1562 narn
349 1514 377 1562 et
391 1509 467 1581 prior
482 1506 588 1564 debitor
603 1506 731 1562 liberatur
751 1515 779 1561 et
794 1507 932 1580 posterior
947 1504 1076 1579 obligatio

104 1588 178 1644 nulla
194 1597 245 1646 est.
275 1607 331 1646 non
346 1591 417 1647 idem
432 1593 498 1647 iuris
514 1599 566 1663 est,
581 1593 604 1647 si
619 1609 632 1646 a
648 1607 727 1647 servo
744 1592 804 1664 quis
820 1590 965 1664 stipulatus
981 1590 1077 1645 luerit:

104 1689 166 1728 nam
182 1681 248 1730 tuuc
262 1677 337 1749 prior
352 1675 466 1749 proinde
488 1675 625 1750 obligatus
646 1682 752 1746 manet,
773 1691 804 1730 ac
818 1677 841 1730 si
856 1682 950 1748 postea
966 1667 1078 1730 nullus5

103 1757 252 1832 stipulatus
267 1760 373 1816 luisset.
404 1761 453 1816 sed
469 1763 491 1816 si
507 1761 601 1817 eadem
615 1776 732 1834 persona
747 1761 798 1830 sit,
821 1777 835 1815 a
851 1776 904 1833 qua
919 1766 1016 1833 postea
1030 1760 1078 1814 sti·

103 1843 218 1916 pulcris,
234 1845 270 1899 ita
284 1844 392 1900 demum
404 1847 513 1900 novatio
526 1843 566 1916 lli,
582 1845 681 1918 siquid
696 1846 723 1900 iu
735 1846 889 1918 posteriore
901 1844 1078 1917 stipulatione

103 1929 168 1982 novi
185 1929 235 1999 sit,
259 1928 330 1984 loric
346 1930 369 1984 si
384 1928 507 1984 condicio
523 1937 570 1984 aut
591 1929 648 1984 dies
663 1935 710 1984 aut
727 1928 873 1984 fideiussor
887 1928 1017 1984 adiciatur
1032 1933 1079 1981 aut

102 2010 272 2068 detrahatur.
304 2012 378 2085 quod
398 2020 488 2068 autern
503 2013 633 2082 diximus,
654 2014 677 2066 si
692 2012 814 2067 condicio
830 2011 975 2081 adiciatur,
998 2027 1079 2065 nova-

103 2096 208 2151 tionem
225 2094 299 2168 lieri,
315 2098 354 2152 sic
368 2097 492 2170 intellegi
507 2103 634 2170 oportet,
656 2104 686 2150 ut
700 2097 737 2149 ita
753 2095 870 2149 dicamus
886 2094 982 2149 iactam
998 2108 1079 2147 nova·

103 2181 224 2252 tionem,
240 2182 263 2236 si
279 2180 401 2236 condicio
418 2181 553 2237 extiterit:
574 2180 694 2252 alioquin
709 2179 732 2233 si
747 2176 893 2248 deiecerit,
909 2177 989 2232 durat
1004 2177 1079 2248 prior

104 2263 247 2338 obligatio.
279 2264 332 2320 Sed
347 2281 408 2320 cum
424 2266 476 2320 hoc
492 2264 600 2337 quidem
621 2265 694 2318 inter
713 2268 819 2317 veteres
834 2259 991 2331 constabat,
1012 2267 1078 2314 tunc
1096 2270 1130 2317 aa

104 2347 163 2404 fieri
179 2350 361 2420 novationem,
377 2366 438 2405 cum
450 2348 565 2406 novandi
579 2349 667 2403 animo
683 2348 710 2402 iu
725 2344 870 2402 secundam
885 2344 1079 2419 obligationem

104 2531 311 2539 ——ffl

187 2647 206 2712 ¹)
236 2648 430 2729 possidereeve
458 2654 529 2696 recte
552 2648 628 2698 codd.
657 2653 706 2696 vet.
736 2653 761 2695 et
784 2646 866 2694 ceteri
891 2646 1024 2708 plerique,
1055 2651 1080 2692 et

103 2704 124 2782 ἢ
154 2707 304 2782 ἕνεμηθης
336 2715 448 2779 Tdeopd.
467 2731 513 2765 ona.
539 2715 598 2778 Diq.
615 2729 666 2777 pro
692 2718 811 2778 suspecto
837 2711 913 2760 babet
939 2711 990 2759 Kr.
1019 2723 1079 2773 poa-

104 2783 208 2834 sedisti
226 2785 266 2834 ed.
294 2781 369 2833 Scltr.
397 2784 445 2832 sed
470 2783 505 2844 cs.
527 2796 571 2833 eac.
598 2797 639 2844 qr.
661 2781 694 2832 L.
722 2797 764 2830 uu.
793 2795 837 2843 pr.
860 2779 895 2830 D.
921 2793 994 2842 quor.
1022 2778 1078 2827 don.

104 2852 156 2916 (43,
170 2851 199 2916 2)
302 2848 324 2916 ²)
348 2850 459 2914 l'lteopd.
492 2856 517 2898 et
533 2850 613 2912 aliqui
634 2849 709 2898 codd.
736 2848 813 2910 inser.
832 2843 976 2910 possideas
999 2845 1081 2922 ceterp'

103 2920 165 2970 edd.
184 2917 261 2969 Scdr.
281 2925 306 2968 el
324 2917 375 2970 Kr.
457 2915 850 2978 ³)nuuuo...rvn1scripai.
878 2906 981 2978 ἔχωλα
1002 2904 1042 2964 dv

103 2983 155 3037 nul
174 2980 294 3068 ληφθὲν
307 2974 517 3050 ἄπηνεγκοῖμην
537 2983 648 3046 Tdeoplt.
662 2989 688 3062 ef
701 2976 754 3047 ἔχω
767 2969 891 3057 111βώγᾶ
903 2984 967 3043 (scr.
986 2981 1016 3046 η)
1029 2928 1079 3030 aab

104 3055 263 3121 ληφθεντα
275 3044 484 3118 ἆπηνεγκοίμην
491 3054 668 3114 ploasmomu.
683 3049 857 3114 Auoutlauoq
869 3044 1008 3111 (Ottotdes.
1017 3047 1078 3096 ΙΙΙ.

103 3139 129 3186 p.
138 3118 216 3187 1710)
228 3121 334 3172 laudato
342 3120 390 3170 doc
398 3120 580 3168 institutionum
588 3119 669 3167 titulo.
683 3115 773 3166 habeo
785 3121 927 3180 accepturu
937 3118 1081 3178 acceptum

103 3190 157 3239 tuli
169 3189 250 3254 aliqui
262 3189 337 3239 codd.
357 3186 433 3246 inser.
442 3185 533 3234 habeo
545 3187 745 3248 acceptumque
766 3182 817 3232 tuli
835 3183 918 3232 oeten’
934 3183 1010 3231 codd.
1020 3181 1080 3230 edd.

103 3255 179 3306 Sclrr.
192 3263 218 3306 et
235 3255 287 3305 Kr.
339 3251 487 3320 ⁴)fere=
507 3252 563 3304 Gai.
588 3252 689 3310 3,176.
709 3252 764 3300 177.
785 3250 954 3312 179partt‘nr.
1006 3245 1026 3308 δ)
1044 3249 1083 3296 sic

104 3325 181 3374 codd.
196 3332 222 3374 et
239 3325 285 3380 ita,
304 3336 446 3388 quanquam
464 3335 478 3368 e
496 3321 585 3369 vitioso
602 3319 660 3368 Gaii
669 3317 746 3376 libro,
757 3320 818 3380 leqtt
831 3315 943 3378 Theoplt.
954 3313 1039 3378 (etiam
1056 3315 1083 3363 in

103 3391 183 3442 eclani.
193 3391 277 3441 Busil.
291 3391 331 3452 14,
346 3391 368 3446 1,
388 3385 446 3448 2²)·'
464 3379 568 3436 ὡσανεὶ
580 3383 724 3450 μηδεμιᾶς
736 3376 808 3449 μετὰ
821 3381 913 3432 ταῦτα
925 3378 1082 3447 γενομένης

104 3448 317 3524 ἐπερωτήσεως.
339 3471 356 3505 a
373 3453 448 3504 nullo
469 3453 525 3504 Gai.
543 3455 584 3503 ed.
602 3453 654 3502 Kr.
