2486 3916
413 223 449 258 os
469 224 566 259 annun
585 225 733 262 mvrsrous
753 212 789 275 II,
811 214 833 265 l.
1068 212 1110 276 43

142 363 346 437 qualiscumque
368 365 420 433 sit,
442 365 547 421 tabulae
568 365 674 422 cedere.
716 367 765 423 sed
786 367 992 436 nobisvidetur
1012 369 1108 425 melius

141 464 219 517 esse,
236 447 352 502 tabulam
373 450 493 522 picturae
513 450 624 505 cedere:
645 451 788 507 ridiculum
812 460 854 508 est
876 454 961 524 euim,
977 455 1110 528 picturam

141 531 244 604 Apellis
260 532 303 588 vel
317 532 450 588 Parrhasii
466 535 493 588 in
509 535 690 590 accessionem
711 535 853 592 vilissimae
874 536 980 594 tabulae
1001 539 1108 596 cedere.

143 609 233 671 ¹unde
248 617 272 671 si
286 633 301 671 a
315 616 424 674 domino
439 616 547 674 tabulae
561 620 705 692 imaginem
720 620 877 693 possidente
891 624 929 694 is,
953 625 999 697 qni
1013 625 1109 697 pinxit,

142 717 201 756 eam
215 709 291 773 petat
306 717 357 757 nec
371 702 458 758 solvat
472 704 591 776 pretium
607 702 726 774 tabulae,
741 706 845 776 poterit
859 721 908 778 per
922 709 1110 780 exceptionem

141 784 199 840 doli
213 784 275 840 mali
290 788 467 842 summoveri:
484 794 510 841 at
525 789 549 842 si
561 789 594 857 is,
604 789 657 860 ·qui
668 789 765 861 pinxit,
775 789 922 861 possideat,
938 807 1110 865 consequens

140 877 201 939 est,
223 875 254 924 ut
274 870 348 925 utilis
369 872 438 926 actio
454 870 564 927 domino
586 870 691 927 tabulae
711 872 840 928 adversus
863 890 922 928 eum
939 874 1033 947 detur,
1055 893 1109 948 quo

140 969 216 1023 casu,
232 955 325 1009 sinon
341 954 428 1010 solvat
442 955 590 1028 impensam
599 957 730 1030 picturae,
742 959 844 1031 poterit
860 975 909 1030 per
924 961 1110 1032 exceptionem

141 1035 199 1093 doli
215 1037 274 1094 mali
289 1039 401 1112 repelli,
422 1040 518 1113 utique
533 1041 555 1095 si
576 1040 647 1096 hona
662 1039 715 1097 fide
728 1057 872 1115 possessor
887 1041 970 1098 fuerit
985 1043 1047 1114 ille,
1064 1045 1110 1116 qui

140 1123 275 1196 picturam
289 1123 428 1196 imposuit.
464 1123 531 1179 illnd
552 1127 623 1181 enim
643 1126 731 1200 palam
752 1134 810 1197 est,
827 1126 916 1200 quod,
937 1128 993 1182 sive
1009 1129 1048 1198 is,
1065 1129 1111 1200 qui

139 1209 239 1280 pinxit,
255 1205 390 1281 srdiripuit
404 1205 509 1263 tabulas
525 1211 580 1264 sive
594 1210 672 1281 alius,
688 1213 818 1284 competit
833 1211 943 1268 domino
958 1209 1110 1268 tabularum

140 1291 209 1346 furti
224 1293 302 1346 actio.

207 1375 235 1430 Si
251 1377 311 1449 quis
327 1395 341 1431 a
356 1393 411 1432 non
428 1377 548 1450 domino,
565 1395 644 1453 quem
660 1379 799 1434 dominum
815 1395 875 1433 esse
890 1380 1025 1450 crederet,
1040 1379 1111 1434 bona
1129 1396 1162 1443 35

144 1458 196 1515 fide
217 1459 330 1516 fundum
351 1463 446 1516 emerit
467 1463 508 1518 vel
534 1479 567 1517 ex
587 1461 733 1518 donatione
756 1463 839 1517 aliave
866 1479 919 1534 qua
939 1466 1011 1518 iusta
1031 1479 1111 1518 cansa

142 1561 229 1618 aeque
250 1543 320 1600 bona
342 1544 394 1600 lide
415 1547 564 1620 acceperit:
590 1547 705 1600 naturali
724 1547 830 1602 ratione
856 1546 972 1620 placuit,
994 1546 1111 1616 fructus,

142 1646 214 1702 quos
229 1631 361 1703 percepit,
378 1631 435 1685 eius
452 1648 512 1686 esse
526 1647 577 1704 pro
590 1630 696 1686 cultura
711 1638 738 1686 et
753 1647 827 1686 cura.
859 1638 886 1686 et
901 1630 963 1686 ideo
979 1632 1001 1686 si
1016 1637 1112 1704 postea

141 1714 268 1769 dominus
285 1717 472 1787 supervenerit
493 1723 520 1771 et
542 1714 655 1770 fundum
676 1713 810 1785 vindicet,
832 1715 866 1770 de
881 1715 1015 1774 fructibus
1031 1715 1062 1770 ab
1078 1732 1111 1771 eo

141 1800 311 1872 consumptis
328 1815 409 1872 agere
424 1817 480 1856 non
495 1807 597 1874 potest.
628 1801 653 1854 ei
668 1817 744 1872 vero,
761 1801 807 1872 qui
819 1801 906 1856 sciens
918 1801 1034 1858 alienum
1050 1800 1112 1855 fun·

140 1883 208 1938 dum
222 1880 389 1956 possederit,
411 1882 557 1940 nunidem
578 1901 736 1940 eoncessum
759 1892 810 1939 est.
841 1886 934 1958 itaque
949 1902 1010 1940 cum
1025 1884 1111 1940 fundo

142 1969 224 2024 etiam
240 1967 361 2037 fructus,
377 1967 441 2024 lieet
456 1969 610 2041 consumpti
625 1970 694 2039 sint,
711 1970 821 2042 cogitur
835 1971 991 2024 restituere.
1022 1969 1063 2039 ls,
1080 1967 1112 2027 ad
1130 1977 1163 2026 36

142 2069 226 2126 quem
242 2051 414 2107 ususfructus
435 2052 511 2108 fundi
534 2053 668 2126 pertinet,
692 2069 747 2108 non
768 2052 846 2108 aliter
867 2053 1006 2108 fructuum
1027 2053 1113 2108 dorni-

142 2154 196 2193 nus
212 2135 345 2208 efficitur,
367 2153 447 2209 quam
462 2137 486 2192 si
500 2153 547 2192 eos
563 2138 621 2208 ipse
636 2137 798 2209 perceperit.
830 2144 857 2190 et
872 2135 932 2190 ideo
948 2135 1011 2190 licet
1026 2144 1112 2188 matu-

141 2223 181 2277 ris
197 2219 341 2289 fructibus,
357 2221 480 2276 nondum
494 2228 585 2276 tamen
600 2221 747 2294 perceptis,
763 2219 920 2283 decesserit,
936 2217 970 2274 ad
985 2217 1111 2274 heredem

143 2307 201 2362 eius
211 2323 266 2361 uon
274 2305 424 2379 pertinent,
440 2305 489 2360 sed
498 2305 608 2360 domino
615 2305 791 2378 proprietatis
803 2303 993 2377 adquiruntur.
1020 2301 1111 2357 eadem

141 2389 202 2446 fere
214 2398 243 2446 et
256 2389 290 2444 de
301 2389 400 2446 colono
412 2388 550 2445 dicuntur.
578 2383 627 2445 ²ln
638 2389 774 2464 pecudum
782 2387 874 2444 fructu
882 2388 961 2443 etiam
976 2387 1048 2442 fetus
1060 2393 1112 2457 est,
1131 2397 1163 2446 37
1238 2459 1239 2462 ¹

142 2476 225 2530 sicuti
245 2474 286 2530 lac
307 2481 334 2529 et
354 2473 426 2546 pilus
449 2482 476 2530 et
496 2475 569 2530 lana:
596 2476 688 2548 itaque
709 2475 772 2546 agni
793 2479 821 2528 et
841 2471 919 2528 haedi
940 2480 968 2528 et
989 2471 1065 2527 vituli
1086 2480 1113 2525 et

143 2558 239 2632 equuli
250 2559 340 2614 statim
350 2558 466 2614 naturali
481 2560 539 2614 inre
552 2557 664 2614 dominii
679 2565 744 2613 sunt
756 2557 907 2612 fructuarii.
938 2564 1032 2629 partus
1048 2571 1112 2610 vero

144 2643 256 2699 ancillae
271 2645 299 2698 in
315 2643 406 2698 fructu
422 2659 478 2699 non
493 2650 545 2712 est,
561 2643 653 2716 itaque
669 2642 701 2697 ad
714 2641 852 2696 dominum
864 2641 1040 2712 proprietatis
1051 2655 1113 2711 per-

143 2729 231 2783 tinet:
244 2726 391 2784 absurdum
406 2728 477 2782 enim
492 2725 642 2796 videbatur,
658 2727 793 2781 hominem
809 2725 837 2780 in
852 2723 945 2779 fructu
960 2739 1036 2792 esse,
1053 2739 1112 2776 eum

146 2827 241 2867 omnes
257 2811 363 2867 fructus
378 2828 469 2867 rerum
484 2819 580 2866 natura
595 2812 733 2866 hominum
755 2811 842 2882 gratia
857 2807 1029 2880 comparavit.
1060 2805 1113 2861 Sed
1132 2816 1164 2866 38
1238 2823 1239 2826 ¹

145 2898 169 2951 si
185 2897 278 2970 gregis
294 2895 493 2952 usumfructum
509 2896 569 2969 quis
581 2893 686 2965 habeat,
701 2895 729 2948 in
744 2893 834 2949 locum
850 2892 1055 2948 demortuorum
1070 2891 1115 2946 ¹ca-

52 3026 54 3032 .
145 2981 234 3054 pilum
250 2997 283 3036 ex
298 2979 356 3036 fetu
372 2980 534 3036 fructuarius
547 2980 716 3034 summittere
728 2977 818 3050 debet,
835 2985 865 3032 ut
877 2975 1015 3032 etluliano
1028 2977 1114 3030 visum

145 3073 199 3136 est,
216 3073 243 3120 et
258 3067 286 3120 iu
301 3066 437 3120 vinearum
452 3063 655 3120 demortuarum
676 3062 718 3118 vel
740 3062 867 3119 arborum
882 3061 972 3118 locum
988 3060 1051 3116 alias
1068 3059 1114 3115 de-

146 3275 351 3284 ———-...—...-

215 3417 234 3479 1)
254 3437 287 3458 =
307 3417 363 3469 Gai·
381 3415 407 3474 2,
427 3415 458 3464 78
477 3396 534 3468 mut}
631 3411 651 3474 2)
673 3413 732 3474 sere
750 3433 784 3453 --·
802 3413 833 3462 L.
859 3411 900 3460 28.
928 3410 961 3458 D.
990 3409 1021 3458 de
1046 3422 1115 3458 usur:

147 3486 200 3550 (Ὦ,
220 3483 244 3547 1)
264 3500 299 3534 ear
319 3483 378 3534 Gaii
395 3485 410 3534 ἱ.
430 3483 445 3530 2
462 3497 516 3556 rer.
536 3489 604 3546 quot.
