2464 3916
187 139 245 206 152
296 154 403 200 oureus
421 151 506 188 uonrs
525 149 681 188 orcroamo
701 149 846 186 concisus
864 135 915 198 ΙΙΙ,
935 137 967 188 29
987 134 1051 200 (30).

182 316 232 356 nec
247 305 335 353 tamen
350 297 474 364 interest,
491 295 550 366 quis
566 293 663 363 solvat,
679 301 769 348 utrum
785 293 854 366 ipse,
871 293 918 365 qui
930 291 1022 362 debet,
1039 307 1073 346 au
1089 291 1160 346 alius

182 399 232 456 pro
248 398 296 437 eo:
319 378 448 435 liberatur
469 379 539 434 enim
562 385 589 432 et
609 377 660 432 alio
682 377 822 447 solvente,
842 377 899 433 sive
914 377 1018 433 sciente
1033 373 1159 430 debitore

182 469 237 522 sive
258 467 402 538 ignorante
423 462 466 517 vel
486 463 571 517 invito
597 461 698 516 solutio
720 459 775 516 fiat.
811 461 877 516 item
903 461 925 516 si
947 477 1010 515 reus
1032 459 1159 529 solverit,

182 552 262 606 etiam
283 550 316 619 ii,
337 549 383 620 qui
404 563 455 620 pro
475 563 509 603 eo
524 546 745 616 intervenerunt,
767 543 924 600 liberantur.
956 544 1028 599 idem
1045 560 1077 599 er
1095 561 1160 600 con·

184 635 265 690 trario
281 633 427 705 contingit,
443 632 467 688 si
479 629 623 686 fideiussor
633 630 759 686 solverit:
775 645 831 685 non
845 631 916 686 cuim
928 629 1005 684 solus
1021 630 1081 702 ipse
1094 627 1161 684 libe·

150 724 162 770 1
182 726 268 789 ratur,
283 717 331 772 sad
347 718 426 772 etiam
441 732 514 770 reus.
548 709 631 770 ¹ltem
652 731 701 788 per
716 713 951 786 acceptilatiouem
967 712 1074 768 tollitur
1093 712 1161 768 obli·

183 803 265 877 gatio.
299 809 341 856 est
361 810 451 856 autem
471 799 640 873 acceptilatio
663 799 820 872 imaginaria
839 798 952 854 solutio.
990 797 1065 870 quod
1088 799 1160 852 euim

183 904 216 943 ex
230 886 375 942 verborum
397 883 563 958 obligatione
584 883 655 940 'litio
677 881 807 953 debetur,
829 883 854 936 id
876 884 898 938 si
918 882 985 938 velit
1005 882 1096 937 Titius
1120 898 1162 936 re·

183 973 306 1041 mittere,
328 969 430 1043 poterit
445 969 484 1022 sic
499 965 573 1039 lieri⁷
597 975 626 1023 ut
641 969 758 1041 patiatur
775 967 840 1022 haec
855 966 936 1022 rerba
951 965 1108 1022 debitorem
1124 965 1162 1020 di·

182 1072 257 1112 cere:
285 1069 370 1118 ouon
392 1067 455 1110 uno
477 1068 542 1110 arur
569 1067 713 1122 anonim,
741 1066 884 1109 nusssnu
914 1051 1105 1110 nocuerunt
1136 1061 1162 1105 et

183 1139 269 1195 'litius
287 1137 450 1211 respondeat
466 1152 585 1199 nauum
602 1135 650 1192 sed
666 1144 694 1191 et
710 1134 809 1192 Graece
824 1143 917 1209 potest
932 1143 1074 1208 acceptum
1091 1134 1159 1205 fieri,

183 1223 329 1278 dummodo
345 1221 460 1292 aicbat,
478 1229 507 1276 ut
522 1221 621 1276 Latinis
638 1219 725 1276 verbis
741 1219 826 1276 solet:
847 1214 925 1294 ἔχεις,
941 1214 1046 1294 λαβὼν
1061 1216 1158 1294 δηνά-

184 1326 231 1383 ρια
248 1299 330 1370 soom
352 1294 532 1380 ignispicia.
569 1321 623 1378 quo
645 1321 761 1378 genere,
785 1311 814 1359 ut
834 1304 966 1376 diximus,
989 1313 1099 1361 tautum
1115 1321 1160 1360 eac

185 1391 363 1466 obligationes
384 1390 544 1462 solvuntur,
570 1405 638 1463 quae
654 1405 686 1444 ex
708 1387 794 1444 verbis
810 1390 981 1461 consistunt,
1004 1406 1060 1446 non
1077 1391 1158 1444 etiam

184 1486 302 1532 ceterae:
324 1481 536 1532 cousentaneum
556 1475 628 1529 enim
644 1474 730 1528 visum
751 1481 809 1544 est,
831 1473 919 1529 verbis
941 1473 1040 1530 iactam
1055 1473 1159 1547 obliga·

185 1563 286 1617 tionem
301 1577 382 1634 posse
397 1559 454 1615 aliis
471 1558 557 1614 verbis
574 1557 693 1614 dissolvi.
724 1558 834 1629 sedin,
857 1558 931 1632 quod
953 1575 986 1614 ex
1007 1559 1057 1614 alia
1079 1575 1157 1614 causa

185 1645 307 1715 debetur,
323 1651 414 1716 potest
429 1645 456 1698 in
472 1643 674 1717 stipulationem
695 1641 791 1698 deduci
812 1650 840 1698 et
859 1659 910 1718 per
924 1643 1156 1717 acceptilatioueru

184 1729 304 1784 dissolvi.
335 1729 405 1782 sicut
420 1736 510 1782 autem
525 1726 599 1799 quod
615 1725 743 1798 debetur,
768 1743 817 1800 pro
838 1735 916 1801 parte
935 1735 1012 1783 recte
1032 1727 1155 1796 solvitur,

151 1813 166 1859 2
184 1814 220 1866 ita
236 1813 263 1866 in
279 1819 381 1884 partem
397 1809 479 1865 debiti
492 1809 661 1883 acceptilatio
677 1807 735 1865 lieri
750 1819 852 1884 potest.
884 1809 932 1868 Est
947 1811 1057 1884 prodita
1072 1813 1154 1884 stipu-

185 1895 259 1965 latio,
276 1911 343 1968 quae
359 1893 441 1967 vulgo
457 1895 595 1966 Aquiliana
610 1893 771 1968 appellatur,
793 1912 843 1968 per
859 1913 939 1970 quam
954 1896 1152 1970 stipulationem

185 1979 335 2052 contingit,
351 1985 382 2034 ut
398 1979 516 2034 omnium
532 1995 621 2034 rerum
639 1977 769 2052 obligatio
790 1981 818 2035 iu
833 1973 1058 2054 stipulationem²
1074 1979 1152 2036 dedu·

185 2072 262 2119 catur
277 2071 305 2118 et
320 2080 351 2119 ea
366 2079 415 2138 per
431 2063 661 2136 acceptilationem
677 2063 797 2119 tollatur.
829 2065 970 2138 stipulatio
987 2066 1059 2120 euim
1075 2066 1154 2137 Aqui·

184 2148 254 2204 liana
268 2157 349 2204 novat
365 2165 458 2204 omnes
475 2147 653 2222 obligationes
669 2155 696 2204 et
711 2164 726 2202 a
742 2147 818 2204 Gallo
830 2150 939 2224 Aquilio
955 2151 993 2204 ita
1008 2149 1154 2222 composita

185 2242 241 2288 est:
262 2225 437 2299 ³ou1noum
459 2251 498 2290 un
519 2251 590 2290 nrm
611 2249 652 2289 εκ
673 2248 869 2298 Quacuuouu
891 2247 991 2292 causa
1007 2250 1154 2290 nancra-

184 2331 434 2390 casamentum,
456 2311 651 2376 oronuunur⁴
671 2311 931 2390 oronunnnuvu‚⁵
951 2333 1107 2376 rnnusnus
1122 2335 1154 2372 nr

185 2416 303 2458 nruuvu
329 2417 521 2465 ouunuuouu
542 2419 649 2460 sununs
672 2417 744 2460 uiui
764 2419 870 2462 uncum
889 2419 986 2460 acmo
1010 2418 1152 2468 ouuuouu

185 2498 243 2540 Ans
260 2501 299 2540 uu
314 2501 442 2541 nummo
458 2503 518 2542 vnn
534 2501 696 2544 aurursus
717 2505 756 2543 ru
773 2503 971 2546 eunsucuuro
986 2505 1064 2559 usu,
1084 2503 1151 2544 unm

187 2583 337 2632 ouonouu
364 2586 406 2626 uu
420 2565 518 2626 'neon
542 2585 660 2642 nunna,
682 2586 798 2643 ranna,
822 2587 990 2644 resonum,
1012 2587 1151 2630 rossine-

255 2814 274 2882 ¹)
292 2818 351 2878 fere
369 2838 402 2858 =
423 2817 478 2867 Gai.
497 2821 520 2874 3,
541 2819 598 2868 169.
627 2821 683 2870 170.
706 2820 754 2869 lte
781 2826 807 2868 el
833 2820 867 2868 L.
886 2821 911 2874 8.
931 2821 954 2880 ς’.
973 2821 1051 2883 ifin.
1070 2821 1102 2869 D.
1120 2821 1147 2867 dc

186 2885 303 2947 acceptil.
324 2885 374 2948 (46,
393 2883 419 2947 4)
447 2901 482 2935 eac
510 2885 568 2950 Uip.
595 2881 613 2935 l.
632 2888 665 2936 48
683 2889 719 2938 ad
736 2887 798 2940 Sat.
885 2884 906 2951 ²)
924 2889 963 2937 cic
988 2891 1060 2937 multi
1080 2887 1145 2937 codd.

186 2950 350 3014 stipulatum
368 2969 403 3002 ecc
421 2953 555 3007 aiiis'edd.
575 2953 649 3004 setar.
668 2962 694 3004 et
712 2954 763 3007 Kr.
832 2951 853 3016 ³)
871 2955 906 3018 cs.
926 2956 959 3010 L.
982 2957 1022 3010 18.
1043 2956 1067 3016 ξ.
1081 2957 1102 3006 1.
1120 2953 1145 3000 Ι).

187 3020 218 3068 de
236 3022 352 3083 acceptit.
372 3020 427 3083 (46,
446 3019 482 3084 4).
566 3018 588 3086 ⁴)
608 3026 718 3086 oportet
744 3023 884 3087 oportebit
912 3025 988 3073 codd.
1017 3024 1075 3088 Dip.
1101 3013 1147 3086 χρή

189 3085 310 3150 Theopb„
324 3093 355 3166 pt
373 3094 432 3152 post
448 3089 495 3138 boe
513 3081 611 3156 χρήσει
629 3091 757 3140 excidisse
774 3092 900 3140 uideatur.
972 3087 992 3154 ⁵)
1011 3091 1104 3154 scripsi
1117 3103 1146 3136 ee

190 3153 300 3218 cleopa.
319 3171 337 3214 η
359 3146 459 3222 ἐχρῆν,
483 3173 536 3206 cum
556 3157 671 3207 Graecae
694 3160 795 3220 linguae
817 3158 989 3208 coniunctiores
1016 3159 1069 3208 eius
1085 3155 1145 3208 uerbi

187 3223 260 3270 desit.
280 3225 408 3287 uestigium
435 3227 489 3274 eius
515 3226 583 3274 vocis
609 3231 728 3288 superest
751 3229 776 3274 in
795 3225 815 3275 O
832 3227 875 3290 qui
899 3233 961 3288 post
987 3225 1091 3276 diemve
1108 3221 1145 3285 (ibi

188 3287 293 3350 diesve)
311 3290 386 3340 babet
395 3291 533 3354 oportebit
551 3295 741 3355 oporteretve‚
761 3300 786 3342 et
797 3293 832 3354 cf.
845 3299 937 3356 postea
955 3293 1142 3358 possideresve.

186 3361 363 3470 ιΞῙΞειῑιαῧίγυενο
392 3358 439 3407 doc
466 3359 501 3406 ad
526 3358 599 3406 utiles
626 3361 742 3408 actiones
759 3361 785 3408 in
801 3374 952 3422 personum,
971 3364 1038 3411 velut
1057 3359 1108 3410 cat.
1124 3357 1143 3410 4»
