2464 3916
216 221 278 288 190
496 239 532 274 oe
552 237 779 276 exeerrxoxrens
798 223 844 284 IV,
865 225 904 274 13.

179 381 316 451 emnem,
335 377 493 436 defenditur
512 395 562 454 per
582 381 768 454 exceptionem
788 381 858 454 pacti
881 380 1017 436 conventi.
1055 377 1141 451 deque
1152 384 1170 435 si

214 463 321 520 debitor
347 462 489 520 deferente
515 455 652 520 creditore
667 466 811 536 iuraverit,
838 464 905 520 nihil
921 480 950 520 se
965 463 1031 519 dare
1048 471 1171 535 oportere,

213 548 301 604 adhuc
317 545 453 622 obligatus
469 556 625 623 permanet3
649 549 697 604 sed
721 550 782 622 quia
797 549 921 622 iniquum
937 555 996 620 est,
1019 547 1053 603 de
1068 549 1172 620 periurio

214 633 323 706 quaeri,
343 631 500 689 defenditur
519 649 570 706 per
591 635 775 706 exceptionem
798 632 979 688 iurisiurandi.
1018 633 1047 686 in
1064 632 1104 686 his
1118 649 1174 704 quo·

214 733 267 790 que
283 715 451 789 actionibus,
472 716 570 792 quibus
592 719 620 773 in
636 734 692 772 rem
708 719 813 790 agitur,
834 733 919 790 aeque
939 717 1108 773 necessariae
1121 725 1174 771 suut

213 802 402 875 exceptiones:
431 801 516 858 veluti
542 803 564 856 si
585 803 702 876 petitore
723 801 864 858 deferente
884 817 1031 874 possessor
1050 801 1173 871 iuraverit,

213 901 272 942 eam
287 901 344 942 rem
360 901 434 942 suam
450 902 526 958 esse,
549 893 575 942 et
592 887 676 942 nihilo
697 887 786 942 miuus
803 885 914 942 eandem
933 901 992 942 rem
1014 886 1116 958 petitor
1129 885 1175 939 vin·

213 970 300 1027 dicet:
333 970 398 1026 licet
418 971 491 1027 enim
511 987 605 1026 verum
626 973 678 1043 sit,
706 971 780 1046 quod
796 971 928 1044 intendit,
954 970 982 1026 id
998 977 1042 1025 est
1058 971 1173 1024 remeius

180 1064 291 1126 desse,
317 1055 440 1128 iniquum
455 1062 498 1110 est
513 1061 617 1128 tamen,
643 1071 830 1128 possessorem
851 1054 1037 1111 condemnari.
1084 1053 1145 1108 ltem
1157 1055 1174 1107 si

213 1139 312 1195 iudicio
328 1145 419 1196 tecum
434 1147 522 1195 actum
538 1139 620 1195 luerit
636 1141 692 1196 sive
707 1141 734 1196 in
750 1157 807 1196 rem
823 1140 916 1196 sivein
929 1155 1087 1213 personam,
1102 1137 1173 1192 nihilo

213 1225 301 1278 minus
317 1222 352 1278 ob
366 1222 394 1278 id
409 1217 497 1280 actio¹
522 1223 601 1279 durat
617 1232 644 1281 et
659 1224 721 1280 ideo
735 1225 795 1298 ipso
811 1226 871 1280 iure
886 1232 983 1297 postea
998 1223 1034 1278 de
1051 1221 1139 1278 eadem
1151 1238 1174 1276 re
1206 1219 1207 1306 l

213 1306 342 1364 adversus
357 1314 386 1364 te
401 1309 445 1383 agi
460 1316 567 1382 potest:
593 1309 640 1364 sed
661 1308 743 1365 debes
764 1325 815 1383 per
830 1310 1018 1382 exceptionem
1035 1309 1075 1363 rei
1090 1305 1174 1360 iudica·

179 1395 195 1444 6
214 1399 256 1449 tae
271 1391 398 1448 adiuvari.
437 1392 509 1449 llaec
523 1393 637 1467 exempli
659 1409 738 1449 causa
753 1392 892 1449 rettulisse
908 1391 1037 1448 sufficiet.
1069 1391 1174 1463 alioquin

213 1493 292 1552 quam
308 1493 341 1533 ex
356 1477 449 1533 multis
469 1479 604 1552 variisque
629 1480 717 1534 causis
742 1479 915 1552 exceptiones
937 1477 1107 1533 necessariae
1120 1475 1175 1542 sint,

213 1577 245 1618 ex
260 1560 402 1618 latioribus
413 1562 585 1638 digestorum
597 1580 645 1618 seu
658 1562 849 1636 pandectarum
860 1561 934 1617 libris
946 1561 1074 1634 intellegi
1085 1567 1172 1634 potest.

179 1643 193 1692 7
212 1639 352 1714 ²Quarum
367 1647 497 1720 quaedam
517 1663 550 1702 ex
565 1647 670 1720 legibus
686 1647 728 1703 vel
743 1663 775 1703 ex
790 1648 848 1719 his,
864 1663 931 1720 quae
946 1646 1017 1719 legis
1039 1647 1123 1701 vicem
1137 1643 1173 1698 ob·

212 1731 317 1801 tinent,
333 1730 376 1786 vel
391 1732 521 1804 exipsius
532 1733 665 1803 praetoris
677 1731 863 1788 iurisdictione
875 1729 1055 1786 substantiam
1067 1730 1169 1802 capiunt.

143 1807 205 1872 8(7)
213 1813 393 1887 Appellantur
407 1821 497 1870 autem
509 1816 682 1888 exceptiones
694 1817 760 1872 aliae
771 1821 918 1890 perpetuae
933 1822 961 1871 et
975 1814 1171 1888 peremptoriae,
1206 1843 1207 1912 p

144 1893 203 1956 9(⁸)
213 1897 279 1954 aliae
294 1897 458 1971 temporales
473 1905 502 1954 et
516 1897 664 1955 dilatoriae.
689 1899 837 1974 Perpetuae
852 1907 879 1955 et
894 1899 1097 1973 peremptoriae
1111 1904 1170 1966 sunt,

211 1997 280 2057 quac
296 1997 404 2057 semper
418 1982 562 2058 agentibus
580 1982 689 2041 obstant
704 1993 733 2040 et
747 2001 854 2058 semper
868 2001 942 2056 rem,
964 1983 997 2040 de
1015 2001 1069 2058 qua
1084 1984 1170 2056 agitur,

210 2073 369 2142 peremunt:
399 2068 485 2142 qualis
506 2075 549 2126 est
570 2071 693 2143 exceptio
714 2069 770 2124 doli
790 2069 895 2125 maliet
911 2069 984 2142 quod
1000 2076 1171 2124 metuscausa

212 2152 313 2210 lactum
328 2159 370 2209 est
385 2159 413 2210 et
428 2154 499 2226 pacti
515 2155 651 2225 conventi,
664 2155 772 2210 comita
787 2155 954 2224 convenerit,
966 2169 1001 2208 ne
1014 2153 1123 2209 omnino
1134 2165 1171 2222 pe-

128 2230 203 2298 10(9)
213 2238 291 2294 cunia
298 2245 448 2312 peteretur.
466 2238 638 2312 Temporales
646 2245 726 2311 atque
733 2237 871 2294 dilatoriae
879 2245 1030 2311 suut,quae
1037 2237 1070 2292 ad
1077 2243 1170 2308 tempus

210 2329 312 2378 nocent
323 2329 351 2378 et
361 2324 491 2396 temporis
503 2323 658 2379 dilationem
666 2322 803 2378 tribuunt:
821 2319 1169 2396 qualisestpacticouveuti,
1206 2327 1207 2404 l

211 2421 272 2462 eum
288 2409 455 2480 convenerit,
471 2425 505 2462 nc
520 2409 591 2463 intra
606 2415 709 2463 certum
726 2415 833 2480 tempus
852 2416 997 2482 ageretur,
1013 2406 1099 2462 veluti
1111 2405 1170 2459 intra
1206 2407 1207 2428 ¹

210 2490 434 2563 quinquennium.
473 2509 534 2546 nam
557 2489 634 2546 finito
659 2509 692 2548 eo
720 2500 841 2566 tempore
867 2508 922 2548 non
946 2490 1094 2564 impeditur
1107 2495 1170 2544 actor

210 2590 268 2630 rem
283 2576 404 2648 exsequi.
441 2591 508 2650 ergo
525 2575 568 2646 hi,
593 2575 689 2648 quibus
710 2578 780 2632 intra
801 2583 908 2650 tempus
929 2592 1011 2650 agere
1027 2571 1168 2631 volentibus

211 2657 328 2715 obicitur
342 2659 465 2733 exceptio
487 2667 533 2715 aut
553 2661 624 2732 pacti
639 2663 766 2717 conventi
793 2669 840 2716 aut
861 2660 908 2716 alia
935 2659 1047 2732 similis,
1074 2657 1169 2714 dillerre

210 2743 310 2800 debent
325 2746 457 2800 actionem
473 2751 579 2818 etpost
595 2751 701 2819 tempus
717 2761 812 2820 agere:
833 2745 895 2801 ideo
911 2745 981 2800 enim
998 2752 1026 2800 et
1041 2741 1168 2799 dilatoriae

208 2829 277 2883 istae
292 2829 465 2902 exceptiones
480 2827 659 2902 appellentur.
677 2830 813 2904 alioquin,
830 2831 852 2885 si
863 2831 934 2884 intra
949 2835 1057 2902 tempus
1073 2825 1169 2900 egerint
1206 2861 1207 2926 γ

211 2910 369 2986 obiectaque
385 2914 421 2968 sit
436 2915 575 2988 exceptio,
592 2931 681 2988 neque
697 2932 730 2972 eo
751 2914 850 2970 iudicio
867 2913 1013 2987 quidquam
1029 2923 1167 2982 conseque·
1206 2929 1207 2976 p

208 3002 305 3051 rentur
320 3005 433 3070 propter
447 2999 634 3072 exceptionem
660 3017 710 3056 nec
735 3007 800 3072 post
825 3005 933 3074 tempus
954 2997 1019 3054 olim
1034 2994 1116 3071 agere'
1127 3009 1167 3066 po·

209 3087 315 3153 terant,
336 3099 397 3138 cum
417 3089 519 3138 temere
534 3099 591 3138 rem
607 3085 634 3140 in
649 3083 778 3140 iudicium
799 3081 967 3139 deducebant
989 3089 1018 3137 et
1037 3091 1167 3138 consume⁴

210 3165 290 3239 bant,
308 3183 359 3242 qna
375 3167 479 3222 ratione
494 3184 552 3224 rem
568 3168 734 3224 amittebant.
758 3167 839 3225 hodie
855 3175 946 3223 autem
961 3183 1017 3223 non
1032 3167 1069 3222 ita
1082 3164 1165 3220 stricte

211 3301 413 3308 ——a———ufi

279 3379 298 3442 ¹)
316 3384 418 3446 scripsi,
439 3384 509 3450 quod
524 3383 650 3446 intellige:
669 3383 746 3434 nidile
764 3383 795 3434 od
813 3384 852 3440 id,
881 3384 950 3448 pund
966 3389 1047 3432 actum
1063 3388 1111 3439 eat,
1128 3378 1164 3426 mi·

209 3461 267 3506 πως
287 3463 344 3496 nam
362 3457 388 3499 et
405 3445 439 3502 αἱ
454 3444 508 3516 μὲν
526 3439 636 3514 ἀγωγαὶ
659 3444 796 3513 μένουσιν
817 3449 928 3514 Pdeopd.
949 3449 1082 3514 obligatio
1099 3445 1164 3498 codd.

210 3512 269 3560 edd.
288 3514 406 3566 adsurde.
476 3514 496 3579 ²)
512 3515 571 3579 sere
588 3535 623 3556 =
643 3517 698 3568 Gai.
717 3519 743 3581 4,
763 3518 819 3570 118.
908 3541 910 3547 ·
