2464 3916
183 207 245 272 124
262 226 298 260 nn
317 225 363 274 so,
382 223 431 259 cur
449 223 562 258 urerer.
576 221 665 257 cansa
683 221 759 258 nont
771 207 1023 272 increpantium,
1041 209 1069 256 11
1082 205 1135 270 (ll).
1168 266 1180 298 ·

181 367 241 423 dem
258 366 475 439 adquisitionem,
491 381 559 437 quae
571 381 619 438 per
630 364 834 438 adrogationern
850 361 940 434 fiebat,
956 355 1135 418 coartavimus¹

181 451 213 506 ad
229 450 430 506 similitudinem
444 448 605 505 naturalium
621 457 777 522 parentum:
800 448 868 504 nihil
890 448 990 502 etenim
1011 445 1080 501 aliud
1093 447 1137 502 nisi

180 534 368 592 tantummodo
391 534 562 590 ususfructus
583 541 636 588 tam
658 532 823 590 naturalibus
844 531 965 608 patribus
987 547 1065 604 qnam
1085 530 1138 586 ado·

180 621 260 693 ptivis
272 635 322 693 per
337 617 521 674 filiusfamilias
533 618 684 691 adquiritur
698 619 725 674 in
737 619 779 674 his
796 616 887 688 rebus,
904 633 971 690 quae
984 616 1138 672 extrinsecus

181 702 242 760 filiis
264 703 427 775 obveniunt,
450 703 570 759 dominio
592 704 630 758 eis
652 703 760 776 integro
782 711 905 758 servato:
932 709 1043 756 mortuo
1062 707 1138 754 antem

181 786 236 844 lilio
253 788 384 862 adrogato
399 789 427 844 in
443 787 567 886 adoptiva
583 785 681 842 familia
696 788 776 842 etiam
788 787 936 854 ‹lominium
952 786 1010 840 eius
1026 784 1058 840 ad
1073 783 1139 840 adro·

181 883 304 947 gaiorum
321 874 431 942 transit,
452 873 504 928 uisi
519 873 659 946 supersint
674 871 741 927 aliae
755 887 904 944 personae,
926 885 994 943 qnae
1010 887 1043 924 en
1058 877 1139 924 nostra

129 950 396 1016 constitutione²
411 957 538 1030 patrem'
530 971 558 1010 m
573 956 632 1028 his,
654 971 722 1030 quae
738 955 842 1029 adquiri
857 972 912 1010 non
927 963 1059 1028 possunt,
1076 961 1140 1008 ante·

148 1050 163 1129 3
181 1043 289 1098 celum.
320 1040 374 1098 Sed
389 1057 421 1097 er
436 1041 543 1096 diverso
558 1057 608 1114 pro
625 1056 668 1112 eo,
685 1039 780 1114 quod
773 1057 795 1095 rs
807 1039 900 1096 debuit
908 1041 981 1112 ,qui
1001 1055 1030 1094 se
1045 1040 1072 1094 in
1086 1037 1140 1092 adc-

106 1137 111 1142 ·
180 1127 300 1200 ptionem
321 1125 409 1196 dedit,
431 1127 490 1200 ipso
507 1124 643 1198 quidem'
636 1141 695 1180 rure
716 1123 864 1198 adrogatur
882 1141 937 1180 non
961 1131 1085 1194 tenetur,
1100 1122 1139 1177 sed
1207 1176 1208 1200 ,

180 1211 289 1265 nomine
304 1208 352 1265 lilii
366 1211 542 1266 convenietur
557 1216 600 1280 et,
616 1210 638 1264 si
653 1209 772 1266 noluerit
787 1226 848 1266 eum
864 1207 1009 1264 defendere
1017 1209 1140 1282 ,permit-
1204 1236 1208 1267 :

181 1295 248 1350 titur
268 1293 448 1352 creditoribus
468 1311 517 1368 per
537 1252 723 1368 competentes
744 1301 854 1350 nostros
875 1295 1049 1367 magistratus
1068 1291 1138 1362 bona,
1203 1282 1207 1378 l

181 1393 248 1452 quae
263 1381 320 1436 cius
336 1396 396 1436 cnm
412 1379 558 1436 usufructu
572 1378 663 1434 lutura
678 1378 809 1452 inissent,
830 1381 853 1434 si
874 1395 904 1434 se
925 1377 1012 1433 alieno
1028 1379 1078 1432 iuri
1092 1393 1139 1432 uon
1206 1411 1207 1414 =

181 1458 371 1536 subiecisset,³
386 1463 526 1538 possidere
541 1472 569 1519 et
584 1463 706 1537 legitimo
723 1463 803 1519 modo
820 1480 850 1518 ea
866 1462 1021 1536 disponere.

566 1627 622 1666 um.
636 1627 671 1666 ιιι
685 1627 757 1674 (xm).
987 1654 991 1664 ,

179 1713 229 1762 Dn
248 1713 306 1774 EO,
327 1711 389 1761 CUI
407 1711 626 1764 LIBERTATIS
646 1710 765 1763 eiust
784 1711 881 1762 Bona
899 1709 1139 1762 ADDICUNTUR.

128 1818 163 1858 Pr·
245 1817 366 1872 Accessit
391 1833 477 1872 novus
502 1833 579 1872 casus
606 1819 786 1874 successionis
814 1835 846 1873 ex
872 1819 1066 1874 constitutione
1092 1817 1137 1872 diri

180 1899 269 1956 llarci.
300 1915 360 1954 nam
377 1902 400 1956 si
415 1900 453 1971 hi,
471 1901 516 1974 qul
532 1899 684 1956 libertatem
695 1911 858 1976 acceperunt
872 1901 1008 1958 adomino
1024 1903 1051 1956 in
1065 1909 1135 1956 testa-

180 1991 287 2055 mento,
309 2001 342 2039 ex
363 2001 417 2058 quo
440 2001 495 2040 non
515 1983 604 2040 aditur
625 1985 775 2058 hereditas,
797 1986 880 2042 velint
900 1986 971 2042 bona
991 1985 1041 2041 sibi
1062 1985 1136 2040 addici

180 2068 344 2126 libertatium
360 2069 602 2125 conservandarum
618 2086 713 2141 causa,
730 2071 886 2128 audiuntur.
923 2078 950 2126 et
965 2073 1002 2126 ita
1016 2071 1137 2142 rescripto

147 2153 160 2200 1
180 2154 233 2210 divi
248 2154 327 2210 Marci
343 2154 375 2209 ad
390 2154 524 2228 Popilium
539 2153 636 2210 Rufum
658 2157 823 2211 continetur.
861 2154 946 2211 Verba
966 2156 1086 2228 rescripti
1104 2155 1137 2208 ita

179 2255 208 2294 se
225 2238 338 2294 habent:
361 2241 406 2294 ‘Si
422 2239 542 2313 Virginio
559 2239 673 2310 Valenti,
690 2241 736 2312 qul
753 2247 914 2296 testamento
929 2256 980 2296 suo
997 2238 1136 2294 libertatem

179 2321 338 2394 quibusdam
354 2323 507 2396 adscripsit,
519 2325 626 2380 nemine
640 2340 799 2379 successore
815 2323 846 2379 ab
862 2325 991 2379 intestato
1004 2325 1136 2394 existente,

178 2407 205 2460 in
222 2422 252 2460 ea
272 2423 352 2462 causa
367 2406 437 2462 bona
453 2424 513 2462 esse
528 2415 692 2482 coeperunt,
714 2417 744 2464 ut
764 2409 848 2464 veniri
864 2407 993 2463 debeant:
1015 2410 1053 2480 is,
1068 2407 1135 2462 cuius

178 2489 211 2544 de
227 2505 257 2544 ea
272 2506 302 2544 re
317 2491 393 2544 notio
409 2499 466 2562 est,
489 2491 592 2563 aditus,
613 2494 746 2548 rationem
767 2492 893 2548 desiderii
913 2495 953 2548 tui
973 2491 1090 2562 habebit,
1111 2497 1137 2544 nt

177 2572 342 2630 libertatium
365 2581 417 2629 tam
436 2591 542 2646 earum,
564 2593 631 2649 quae
646 2576 765 2648 directo,
787 2593 866 2650 quam
882 2594 989 2648 earum,
1013 2593 1077 2650 quae
1092 2591 1136 2650 per

177 2660 294 2732 speciem
309 2657 509 2715 fideicommissi
524 2659 634 2726 rel-ictae
649 2669 729 2733 sunt,
745 2661 906 2718 tuendarum
922 2663 1010 2735 gratia
1024 2661 1135 2716 addican-

177 2753 222 2799 tur
237 2743 302 2815 tibi,
323 2745 347 2799 sl
362 2743 460 2800 idonee
476 2744 656 2801 creditoribus
672 2748 772 2802 caveris
789 2746 822 2801 de
838 2745 942 2818 solido,
959 2745 1032 2820 qnod
1047 2745 1134 2817 cuique

177 2827 305 2900 debetur,
321 2828 461 2884 solvendo.
499 2837 526 2882 et
542 2829 568 2884 hi
584 2830 708 2903 quidem,
732 2829 829 2904 quihus
844 2831 946 2886 directa
960 2829 1068 2886 libertas
1082 2827 1134 2882 data

177 2919 234 2982 est,
250 2912 362 2985 perinde
378 2912 455 2968 liberi
472 2921 562 2985 erunt,
579 2931 609 2969 ac
624 2915 647 2970 si
662 2915 796 2970 hereditas
813 2915 883 2972 adita
899 2923 985 2971 esset:
1002 2915 1133 2981 hiantem,

69 3026 80 3041 -
176 3011 245 3069 quos
267 2996 345 3052 heres
367 3005 480 3071 rogatus
502 3007 544 3054 est
566 3001 770 3063 manumittere,
793 3016 807 3054 a
828 3009 855 3056 te
878 2999 1029 3054 libertatem
1050 3012 1134 3054 conse·

176 3088 308 3154 quantur:
335 3077 406 3136 nisi¹
432 3085 455 3136 si
476 3099 531 3138 non
552 3081 602 3138 alia
623 3083 782 3140 condicione
803 3083 867 3140 velis
888 3082 959 3139 bona
980 3083 1028 3138 tibi
1048 3081 1134 3149 addici,

262 3227 280 3290 ¹)
308 3229 339 3277 L.
368 3230 392 3278 6.
418 3229 447 3278 0.
476 3231 508 3279 dc
534 3229 592 3282 bon.
620 3246 684 3294 quae
711 3230 752 3284 lib.
776 3230 814 3296 (6,
833 3231 885 3295 ot).
998 3229 1019 3294 ¹¹)
1045 3231 1076 3280 L
1100 3230 1133 3277 11

175 3296 203 3345 0.
234 3311 318 3346 comm.
351 3298 382 3346 de
411 3312 521 3350 success
556 3297 595 3358 (6,
614 3295 665 3358 59).
790 3313 864 3358 ecc
893 3299 1040 3364 quibusdam
1066 3295 1133 3348 codd

174 3363 250 3423 infer.
273 3370 299 3412 et
323 3363 434 3427 Tdeopit.
458 3379 528 3426 quae
557 3379 649 3412 eorum
668 3380 764 3414 curn.
777 3366 1017 3416 ‚subiecissent
1042 3382 1076 3416 ea:
1099 3377 1134 3412 ce-

174 3431 237 3477 teris
255 3431 330 3480 codd
350 3433 408 3483 edd.
426 3430 501 3480 Scor.
519 3437 545 3479 et
561 3431 612 3482 Kr.
706 3430 727 3493 4)
718 3434 847 3496 pscripsi.
874 3433 914 3482 ita
941 3437 972 3482 ni
989 3435 1063 3484 codd
1080 3427 1132 3480 edd.

175 3493 225 3542 Kr
245 3504 271 3544 et
288 3495 361 3546 Scir
381 3500 450 3562 quod
465 3499 563 3547 scilicet
553 3504 599 3545 tr
601 3505 754 3560 eposuerunt
772 3499 873 3548 librarii
892 3503 956 3551 neate
974 3505 1132 3564 expunctae.
