2486 3916
446 265 481 300 nn
501 265 616 302 nunnus
635 251 658 316 I,
678 253 717 303 10.
1029 249 1069 316 15

95 421 176 477 vam,
194 421 307 462 uxorem
322 406 422 462 ducere
437 423 492 462 non
508 407 586 478 licet,
607 408 673 463 item
689 416 876 481 materteram,
897 410 958 483 quie
973 425 1069 484 paren·

95 500 156 546 tum
172 491 236 546 loco
258 490 400 547 habentur.
435 507 488 564 qua
509 493 615 547 ratione
634 507 727 548 verum
743 501 800 564 est,
819 511 942 569 magnam
958 510 1069 568 quoque

96 576 207 630 amitam
223 583 251 630 et
266 583 438 631 materteram
454 592 578 650 magnam
593 576 732 650 prohiberi
755 595 867 635 uxorem
882 579 991 635 ducere.
1015 579 1068 634 hd·
1085 582 1101 631 6

96 657 211 715 finitatis
233 675 344 733 quoque
367 662 538 716 veneratione
559 661 726 734 quarundam
746 663 848 737 nuptiis
869 661 1004 720 abstinere
1019 680 1067 718 ne-

95 761 176 800 cesse
191 751 242 800 est.
282 739 317 799 ut'
332 759 394 800 ecce
413 746 565 819 privignam
586 753 631 801 aut
652 760 750 802 nurum
771 763 884 802 uxorem
899 746 998 804 ducere
1013 763 1069 804 uon

94 829 174 900 licet,
185 829 247 902 quia
258 836 390 902 utraeque
402 826 540 886 filiacioco
552 837 626 886 sunt.
644 830 717 904 quod
724 831 825 888 scilicet
831 832 867 887 ita
873 833 957 906 accipi
964 827 1067 904 debet,¹

11 973 12 980 ,
92 916 117 970 si
133 913 187 968 fuit
203 929 288 968 nurus
304 921 351 970 aut
374 914 513 988 privigna:
543 931 603 970 nam
617 917 642 970 si
657 915 745 971 adhuc
761 933 846 972 nurus
868 923 927 987 est,
943 915 970 971 id
987 923 1030 971 est
1044 918 1069 971 si

95 997 187 1054 adhue
202 1004 287 1072 nupta
302 1007 344 1054 est
359 996 416 1054 filio
431 1007 496 1070 tuo,
512 999 561 1054 alia
577 1001 682 1056 ratione
697 1017 810 1057 uxorem
826 1017 883 1056 eam
898 1000 997 1058 ducere
1012 1015 1068 1056 non

93 1075 240 1157 poteris,²
266 1083 327 1156 quia
343 1083 435 1140 eadem
450 1082 556 1140 duobus
572 1091 656 1159 nupta
677 1101 737 1141 esse
759 1103 815 1142 non
829 1093 935 1158 potest:
964 1086 1029 1142 item
1044 1086 1068 1140 si

96 1167 326 1241 adhucprivigna
341 1175 458 1239 tuaest,
485 1167 513 1224 id
540 1176 581 1224 est
608 1171 632 1226 si
656 1178 742 1226 mater
767 1171 825 1227 eius
851 1169 899 1226 tibi
915 1177 999 1244 nupta
1014 1179 1067 1240 est,

94 1251 161 1308 ideo
178 1267 363 1320 eamuxnrem
378 1252 477 1308 ducere
492 1269 547 1310 nou
562 1256 683 1326 poteris,
700 1255 762 1329 quia
776 1255 842 1310 duas
857 1271 957 1310 uxores
972 1253 1068 1310 eodem

96 1345 223 1410 tempore
244 1335 341 1393 habere
361 1353 418 1393 non
438 1337 511 1393 licet.
549 1337 663 1395 Soerum
681 1355 790 1413 quoque
805 1347 833 1394 et
848 1355 990 1395 novercam
1004 1355 1068 1412 pro·
1087 1342 1101 1392 7

97 1420 217 1476 hibitum
231 1429 273 1477 est
289 1437 399 1477 uxorem
422 1421 540 1493 ducere,
562 1424 624 1495 qnia
644 1425 735 1479 matris
756 1423 818 1480 loco
839 1430 912 1478 sunt.
951 1422 1025 1496 quod
1041 1431 1068 1478 et

99 1508 192 1579 ipsum
211 1505 342 1562 dissoluta
365 1506 473 1562 demum
488 1505 626 1562 adfinitate
641 1507 779 1580 procedit:
806 1507 926 1580 alioquin
942 1509 965 1562 si
980 1505 1069 1561 adhue

97 1606 217 1646 noverea
232 1597 284 1662 est,
300 1591 327 1646 id
344 1599 386 1646 est
399 1593 422 1646 si
437 1590 525 1647 adhuc
540 1593 609 1666 patri
624 1599 673 1648 tuo
683 1600 767 1666 nupta
783 1599 841 1664 est,
857 1592 994 1647 communi
1009 1591 1068 1646 iure

96 1674 246 1749 impeditur
259 1675 308 1731 tibi
323 1674 436 1748 nubere,
453 1673 516 1749 quia
531 1676 624 1732 eadem
639 1675 746 1733 duobus
762 1684 848 1750 nupta
862 1691 990 1732 essenon
1005 1683 1068 1748 pot·

97 1767 157 1816 est:
183 1761 248 1815 item
273 1761 297 1815 si
319 1759 407 1816 adhuc
435 1777 529 1816 socrus
551 1771 609 1834 est,
636 1761 662 1817 id
678 1769 721 1818 est
735 1763 759 1817 si
774 1761 861 1818 adhuc
875 1759 930 1818 fllia
945 1762 1003 1816 eius
1019 1759 1067 1815 tibi

11 1893 12 1918 ξ
97 1851 186 1919 nupta
200 1853 257 1917 est,
269 1844 330 1902 ideo
346 1845 531 1919 impediuntur
545 1848 671 1920 nuptiae,
694 1848 756 1921 quia
771 1846 837 1902 duas
854 1862 953 1924 uxores
969 1843 1067 1900 habere

98 1947 157 1986 non
172 1921 283 2003 potes.³
310 1929 396 1986 Mariti
412 1937 501 1986 tamen
512 1929 584 1987 filius
600 1949 633 1987 ex
650 1931 700 1987 alia
713 1947 798 1988 uxore
814 1939 841 1986 et
857 1932 949 1986 uxoris
965 1927 1101 1985 tuaene

98 2015 153 2071 aiio
169 2015 284 2086 marito,
306 2014 349 2071 vel
370 2023 480 2085 contra,
503 2017 702 2072 matrimonium
717 2023 792 2072 recte
807 2015 988 2084 contrahunt,
1005 2014 1068 2069 iicet

99 2098 218 2154 habeant
241 2098 352 2155 fratrem
377 2115 534 2155 sororemve
559 2117 591 2155 en
616 2101 788 2156 matrimonio
813 2106 910 2172 postea
926 2105 1067 2154 contracto

98 2193 189 2240 natos.
228 2183 257 2240 Si
273 2191 403 2239 uxortua
417 2191 482 2258 post
496 2183 641 2240 divortium
661 2200 695 2239 ex
710 2184 762 2239 aiio
777 2181 859 2238 filiam
874 2182 1067 2255 procreaverit,
1085 2185 1101 2232 9

13 2309 14 2312 ¹
99 2270 168 2325 haec
182 2283 238 2324 non
254 2277 296 2324 est
311 2268 420 2343 quidem
445 2269 569 2343 privigna
594 2276 654 2340 tua,
681 2267 729 2324 sed
749 2261 889 2323 lulianns⁴
912 2263 1068 2322 huiusmodi

12 2391 13 2394 ,
100 2353 205 2428 nuptiis
220 2351 354 2410 abstinere
369 2353 468 2410 debere
483 2355 533 2409 ait:
548 2370 609 2409 nam
625 2369 675 2410 nec
690 2370 818 2428 sponsam
830 2350 877 2408 filii
892 2367 991 2407 nurum
1007 2366 1067 2406 esse

99 2455 152 2494 nec
177 2439 260 2512 patris
284 2439 411 2512 sponsam
435 2453 577 2496 nouercam
606 2455 683 2510 esse,
713 2439 815 2495 rectius
841 2447 929 2494 tamen
957 2444 984 2492 et
1009 2437 1067 2490 iure

101 2522 222 2579 tacturos
237 2539 301 2594 eos,
319 2524 365 2596 qui
380 2522 536 2579 huiusmodi
550 2525 651 2597 nuptiis
666 2540 697 2579 se
706 2522 895 2579 abstinuerint.
925 2521 995 2576 iliud
1010 2536 1067 2575 cer-
1086 2531 1118 2580 10

102 2616 161 2663 tum
176 2614 233 2680 cst,
245 2607 356 2664 serviles
368 2623 478 2681 quoque
488 2610 666 2682 cognationes
677 2607 869 2682 impedimento
882 2623 942 2662 esse
954 2605 1067 2679 nuptiis,

101 2694 125 2748 si
139 2693 213 2748 forte
236 2699 314 2766 pater
339 2699 367 2748 et
393 2690 447 2748 filia
473 2701 519 2747 aut
539 2692 623 2748 irater
643 2700 670 2748 et
690 2709 771 2749 soror
786 2692 941 2748 manumissi
955 2689 1066 2746 suerint.

102 2777 172 2833 Sunt
187 2785 216 2833 et
230 2776 295 2832 aliae
310 2792 459 2850 personae,
481 2791 549 2849 quae
564 2785 678 2850 propter
693 2776 811 2833 diversas
826 2777 945 2831 rationes
960 2773 1067 2847 nuptias
1086 2776 1117 2824 11

65 2904 69 2910 .
102 2861 262 2918 contrahere
283 2859 477 2935 prohibentur,
505 2877 571 2934 quas
591 2863 619 2916 in
640 2861 715 2917 libris
736 2862 906 2936 digestorum
933 2875 983 2915 seu
1003 2873 1068 2932 pan·

101 2946 241 3002 doctarum
256 2962 289 3002 eu
304 2947 389 3002 veteri
403 2946 462 3000 iure
477 2945 649 3002 collectarum
665 2947 817 3002 enumerari
831 2945 1010 3020 permisimus.

168 3023 219 3086 ⁵Si
234 3029 363 3086 adversus
379 3047 425 3103 ea,
441 3046 510 3104 quae
525 3030 649 3102 diximus,
665 3031 747 3105 aliqui
758 3032 884 3102 coierint,
899 3047 951 3087 nec
965 3031 1005 3085 vir
1019 3043 1069 3084 nec
1088 3030 1119 3079 12

103 3145 305 3159 μ...-

170 3211 191 3278 ¹)
210 3213 312 3264 debeat
329 3215 375 3263 atti
391 3214 466 3264 codd.
485 3211 545 3264 edd.
564 3211 639 3265 Scir.
662 3219 688 3262 et
705 3212 756 3262 Kr.
792 3210 848 3262 Sed
864 3211 998 3262 dubitandi
1011 3211 1069 3274 sor·

101 3297 156 3332 mae
173 3281 214 3331 hta
232 3289 258 3332 et
275 3284 301 3332 in
322 3281 484 3346 sequentibus
505 3283 601 3332 notatis
621 3281 761 3340 absurdae,
786 3281 836 3330 nica·
857 3275 1008 3346 εἰρωνείαν
1021 3277 1070 3325 ad-

100 3351 185 3401 mittas
203 3365 284 3416 aeque
302 3349 447 3399 ausuram.
485 3349 526 3411 Of.
546 3348 603 3402 Gai.
624 3349 736 3414 Theoph.
755 3355 780 3398 et
797 3349 821 3409 §-
840 3350 865 3402 t.
938 3344 960 3408 ²)
979 3344 1069 3410 possis

100 3419 148 3468 atti
164 3419 240 3469 codd.
260 3423 286 3467 et
303 3419 363 3467 edd.
383 3415 458 3467 Scor.
477 3423 502 3468 et
519 3417 570 3468 Kr.
629 3415 651 3485 ³)
672 3416 762 3484 possis
779 3417 895 3480 plerique
913 3414 989 3464 codd.
1008 3411 1068 3462 edd.

101 3486 175 3540 Schr.
194 3493 220 3536 et
237 3485 288 3538 Kr.
390 3481 412 3551 ⁴)
436 3485 527 3549 CM.
548 3488 588 3540 12.
612 3485 636 3548 ἓ.
654 3490 679 3538 3.
697 3487 731 3534 lt.
754 3485 847 3534 derit.
866 3487 936 3545 nupt.
955 3476 1012 3545 (23,
1031 3478 1068 3540 3).

99 3551 121 3620 5)
138 3556 235 3620 partim
252 3573 286 3596 =
305 3553 362 3607 Gai.
381 3555 403 3613 1,
423 3555 465 3604 64.
