<?xml version="1.0" encoding="UTF-8"?>
<!DOCTYPE html PUBLIC "-//W3C//DTD XHTML 1.0 Transitional//EN"
    "http://www.w3.org/TR/xhtml1/DTD/xhtml1-transitional.dtd">
<html xmlns="http://www.w3.org/1999/xhtml" xml:lang="en" lang="en">
 <head>
  <title>
</title>
<meta http-equiv="Content-Type" content="text/html;charset=utf-8" />
  <meta name='ocr-system' content='tesseract 3.04.00' />
  <meta name='ocr-capabilities' content='ocr_page ocr_carea ocr_par ocr_line ocrx_word'/>
</head>
<body>
  <div class='ocr_page' id='page_1' title='image "./impivstinianiin00huscgoog_0057.png"; bbox 0 0 2486 3916; ppageno 0'>
   <div class='ocr_carea' id='block_1_1' title="bbox 183 211 1079 278">
    <p class='ocr_par' dir='ltr' id='par_1_1' title="bbox 183 211 1079 278">
     <span class='ocr_line' id='line_1_1' title="bbox 183 211 1079 278; baseline -0.002 -14"><span class='ocrx_word' id='word_1_1' title='bbox 183 211 225 278; x_wconf 80' lang='grc'>32</span> <span class='ocrx_word' id='word_1_2' title='bbox 260 230 295 264; x_wconf 84' lang='lat' dir='ltr'>on</span> <span class='ocrx_word' id='word_1_3' title='bbox 315 227 560 266; x_wconf 76' lang='lat' dir='ltr'>excussurosrsus</span> <span class='ocrx_word' id='word_1_4' title='bbox 580 226 715 264; x_wconf 77' lang='lat' dir='ltr'>acconen</span> <span class='ocrx_word' id='word_1_5' title='bbox 732 227 787 263; x_wconf 83' lang='lat' dir='ltr'>vsu</span> <span class='ocrx_word' id='word_1_6' title='bbox 807 226 977 264; x_wconf 80' lang='lat' dir='ltr'>cunarosua</span> <span class='ocrx_word' id='word_1_7' title='bbox 995 213 1018 274; x_wconf 91' lang='grc' dir='ltr'>Ι,</span> <span class='ocrx_word' id='word_1_8' title='bbox 1036 214 1079 263; x_wconf 79' lang='lat'>25.</span> 
     </span>
    </p>
   </div>
   <div class='ocr_carea' id='block_1_2' title="bbox 136 367 1155 3312">
    <p class='ocr_par' dir='ltr' id='par_1_2' title="bbox 136 367 1155 3312">
     <span class='ocr_line' id='line_1_2' title="bbox 184 367 1154 441; baseline -0.006 -13"><span class='ocrx_word' id='word_1_9' title='bbox 184 379 258 441; x_wconf 91' lang='lat' dir='ltr'>sunt,</span> <span class='ocrx_word' id='word_1_10' title='bbox 274 385 288 424; x_wconf 85' lang='lat' dir='ltr'>a</span> <span class='ocrx_word' id='word_1_11' title='bbox 303 368 389 426; x_wconf 88' lang='lat' dir='ltr'>tutela</span> <span class='ocrx_word' id='word_1_12' title='bbox 409 379 436 426; x_wconf 87' lang='lat' dir='ltr'>et</span> <span class='ocrx_word' id='word_1_13' title='bbox 457 385 521 424; x_wconf 85' lang='lat' dir='ltr'>cura</span> <span class='ocrx_word' id='word_1_14' title='bbox 541 375 713 425; x_wconf 78' lang='lat' dir='ltr'><strong>excusantur.</strong></span> <span class='ocrx_word' id='word_1_15' title='bbox 750 368 798 424; x_wconf 92' lang='lat' dir='ltr'>sed</span> <span class='ocrx_word' id='word_1_16' title='bbox 819 376 847 424; x_wconf 86' lang='lat' dir='ltr'>et</span> <span class='ocrx_word' id='word_1_17' title='bbox 867 370 891 424; x_wconf 93' lang='lat' dir='ltr'>si</span> <span class='ocrx_word' id='word_1_18' title='bbox 911 367 1022 424; x_wconf 87' lang='lat' dir='ltr'>luerunt</span> <span class='ocrx_word' id='word_1_19' title='bbox 1043 376 1154 424; x_wconf 85' lang='lat' dir='ltr'>tutores</span> 
     </span>
     <span class='ocr_line' id='line_1_3' title="bbox 184 451 1155 526; baseline -0.001 -18"><span class='ocrx_word' id='word_1_20' title='bbox 184 454 226 509; x_wconf 89' lang='lat' dir='ltr'>vel</span> <span class='ocrx_word' id='word_1_21' title='bbox 241 461 396 525; x_wconf 76' lang='lat' dir='ltr'>curatores,</span> <span class='ocrx_word' id='word_1_22' title='bbox 420 451 516 510; x_wconf 90' lang='lat' dir='ltr'>deinde</span> <span class='ocrx_word' id='word_1_23' title='bbox 537 454 577 509; x_wconf 89' lang='lat' dir='ltr'>rei</span> <span class='ocrx_word' id='word_1_24' title='bbox 598 451 720 526; x_wconf 88' lang='lat' dir='ltr'>publicae</span> <span class='ocrx_word' id='word_1_25' title='bbox 740 468 820 509; x_wconf 86' lang='lat' dir='ltr'>causa</span> <span class='ocrx_word' id='word_1_26' title='bbox 840 452 934 510; x_wconf 81' lang='lat' dir='ltr'>abesse</span> <span class='ocrx_word' id='word_1_27' title='bbox 955 461 1155 526; x_wconf 87' lang='lat' dir='ltr'>coeperunt,a</span> 
     </span>
     <span class='ocr_line' id='line_1_4' title="bbox 183 536 1153 611; baseline -0.002 -17"><span class='ocrx_word' id='word_1_28' title='bbox 183 537 269 594; x_wconf 90' lang='lat' dir='ltr'>tutela</span> <span class='ocrx_word' id='word_1_29' title='bbox 284 547 312 594; x_wconf 91' lang='lat' dir='ltr'>et</span> <span class='ocrx_word' id='word_1_30' title='bbox 326 554 389 594; x_wconf 89' lang='lat' dir='ltr'>cura</span> <span class='ocrx_word' id='word_1_31' title='bbox 405 544 583 608; x_wconf 74' lang='lat' dir='ltr'>excusantur,</span> <span class='ocrx_word' id='word_1_32' title='bbox 605 545 738 610; x_wconf 86' lang='lat' dir='ltr'>quatenus</span> <span class='ocrx_word' id='word_1_33' title='bbox 753 539 792 593; x_wconf 89' lang='lat' dir='ltr'>rei</span> <span class='ocrx_word' id='word_1_34' title='bbox 810 537 931 611; x_wconf 87' lang='lat' dir='ltr'>publicae</span> <span class='ocrx_word' id='word_1_35' title='bbox 946 553 1026 594; x_wconf 88' lang='lat' dir='ltr'>cansa</span> <span class='ocrx_word' id='word_1_36' title='bbox 1041 536 1153 606; x_wconf 88' lang='lat' dir='ltr'>absunt,</span> 
     </span>
     <span class='ocr_line' id='line_1_5' title="bbox 184 617 1154 694; baseline -0.002 -16"><span class='ocrx_word' id='word_1_37' title='bbox 184 631 212 678; x_wconf 89' lang='lat' dir='ltr'>et</span> <span class='ocrx_word' id='word_1_38' title='bbox 226 617 330 678; x_wconf 76' lang='lat' dir='ltr'>interea</span> <span class='ocrx_word' id='word_1_39' title='bbox 350 629 460 678; x_wconf 86' lang='lat' dir='ltr'>curator</span> <span class='ocrx_word' id='word_1_40' title='bbox 479 622 541 679; x_wconf 92' lang='lat' dir='ltr'>loco</span> <span class='ocrx_word' id='word_1_41' title='bbox 563 637 657 678; x_wconf 87' lang='lat' dir='ltr'>eorum</span> <span class='ocrx_word' id='word_1_42' title='bbox 678 620 767 677; x_wconf 86' lang='lat' dir='ltr'>datur.</span> <span class='ocrx_word' id='word_1_43' title='bbox 805 622 894 694; x_wconf 86' lang='lat' dir='ltr'>quisi</span> <span class='ocrx_word' id='word_1_44' title='bbox 916 621 1017 678; x_wconf 88' lang='lat' dir='ltr'>reversi</span> <span class='ocrx_word' id='word_1_45' title='bbox 1039 620 1154 691; x_wconf 84' lang='lat' dir='ltr'>inerint,</span> 
     </span>
     <span class='ocr_line' id='line_1_6' title="bbox 184 704 1155 780; baseline -0.002 -18"><span class='ocrx_word' id='word_1_46' title='bbox 184 708 318 780; x_wconf 88' lang='lat' dir='ltr'>recipiunt</span> <span class='ocrx_word' id='word_1_47' title='bbox 334 723 402 762; x_wconf 88' lang='lat' dir='ltr'>onus</span> <span class='ocrx_word' id='word_1_48' title='bbox 418 707 519 763; x_wconf 78' lang='lat' dir='ltr'>tutelae</span> <span class='ocrx_word' id='word_1_49' title='bbox 541 722 591 762; x_wconf 88' lang='lat' dir='ltr'>nec</span> <span class='ocrx_word' id='word_1_50' title='bbox 606 707 669 761; x_wconf 81' lang='lat' dir='ltr'>artui</span> <span class='ocrx_word' id='word_1_51' title='bbox 683 704 783 761; x_wconf 87' lang='lat' dir='ltr'>habent</span> <span class='ocrx_word' id='word_1_52' title='bbox 803 706 983 776; x_wconf 81' lang='lat' dir='ltr'>vacationem,</span> <span class='ocrx_word' id='word_1_53' title='bbox 1000 713 1030 760; x_wconf 93' lang='lat' dir='ltr'>ut</span> <span class='ocrx_word' id='word_1_54' title='bbox 1046 705 1155 780; x_wconf 88' lang='lat' dir='ltr'>Papini·</span> 
     </span>
     <span class='ocr_line' id='line_1_7' title="bbox 185 787 1155 865; baseline -0.002 -19"><span class='ocrx_word' id='word_1_55' title='bbox 185 807 251 847; x_wconf 90' lang='lat' dir='ltr'>anus</span> <span class='ocrx_word' id='word_1_56' title='bbox 267 807 460 865; x_wconf 79' lang='lat' dir='ltr'><strong>responsorum</strong></span> <span class='ocrx_word' id='word_1_57' title='bbox 481 787 551 846; x_wconf 89' lang='lat' dir='ltr'>libro</span> <span class='ocrx_word' id='word_1_58' title='bbox 568 791 663 863; x_wconf 85' lang='lat' dir='ltr'>quinto</span> <span class='ocrx_word' id='word_1_59' title='bbox 679 789 802 863; x_wconf 80' lang='lat' dir='ltr'>scripsit:</span> <span class='ocrx_word' id='word_1_60' title='bbox 823 806 884 846; x_wconf 92' lang='lat' dir='ltr'>nam</span> <span class='ocrx_word' id='word_1_61' title='bbox 906 789 958 846; x_wconf 90' lang='lat' dir='ltr'>hoc</span> <span class='ocrx_word' id='word_1_62' title='bbox 973 791 1092 863; x_wconf 88' lang='lat' dir='ltr'>spatium</span> <span class='ocrx_word' id='word_1_63' title='bbox 1109 791 1155 845; x_wconf 90' lang='lat' dir='ltr'>ha·</span> 
     </span>
     <span class='ocr_line' id='line_1_8' title="bbox 151 872 1155 948; baseline 0.002 -20"><span class='ocrx_word' id='word_1_64' title='bbox 151 880 166 928; x_wconf 90' lang='lat'><strong>3</strong></span> <span class='ocrx_word' id='word_1_65' title='bbox 184 873 250 932; x_wconf 87' lang='lat' dir='ltr'>beat</span> <span class='ocrx_word' id='word_1_66' title='bbox 271 875 304 931; x_wconf 89' lang='lat' dir='ltr'>ad</span> <span class='ocrx_word' id='word_1_67' title='bbox 323 892 407 932; x_wconf 89' lang='lat' dir='ltr'>novas</span> <span class='ocrx_word' id='word_1_68' title='bbox 428 873 526 930; x_wconf 85' lang='lat' dir='ltr'>tutelas</span> <span class='ocrx_word' id='word_1_69' title='bbox 543 875 638 930; x_wconf 88' lang='lat' dir='ltr'>vocati.</span> <span class='ocrx_word' id='word_1_70' title='bbox 675 872 708 929; x_wconf 84' lang='lat' dir='ltr'>lit</span> <span class='ocrx_word' id='word_1_71' title='bbox 723 875 770 948; x_wconf 90' lang='lat' dir='ltr'>qui</span> <span class='ocrx_word' id='word_1_72' title='bbox 790 880 953 948; x_wconf 89' lang='lat' dir='ltr'>potestatem</span> <span class='ocrx_word' id='word_1_73' title='bbox 974 874 1091 948; x_wconf 87' lang='lat' dir='ltr'>aliquam</span> <span class='ocrx_word' id='word_1_74' title='bbox 1109 875 1155 929; x_wconf 82' lang='lat' dir='ltr'>lra-</span> 
     </span>
     <span class='ocr_line' id='line_1_9' title="bbox 184 957 1155 1033; baseline 0 -19"><span class='ocrx_word' id='word_1_75' title='bbox 184 959 259 1033; x_wconf 86' lang='lat' dir='ltr'>beat,</span> <span class='ocrx_word' id='word_1_76' title='bbox 276 975 405 1017; x_wconf 79' lang='lat' dir='ltr'>excusare</span> <span class='ocrx_word' id='word_1_77' title='bbox 420 975 450 1015; x_wconf 88' lang='lat' dir='ltr'>se</span> <span class='ocrx_word' id='word_1_78' title='bbox 462 966 589 1032; x_wconf 79' lang='lat' dir='ltr'>possunt,</span> <span class='ocrx_word' id='word_1_79' title='bbox 607 967 637 1014; x_wconf 92' lang='lat' dir='ltr'>ut</span> <span class='ocrx_word' id='word_1_80' title='bbox 648 958 725 1014; x_wconf 87' lang='lat' dir='ltr'>divus</span> <span class='ocrx_word' id='word_1_81' title='bbox 741 957 845 1014; x_wconf 89' lang='lat' dir='ltr'>llarcus</span> <span class='ocrx_word' id='word_1_82' title='bbox 857 959 1008 1032; x_wconf 81' lang='lat' dir='ltr'>rescripsit,</span> <span class='ocrx_word' id='word_1_83' title='bbox 1023 958 1073 1016; x_wconf 87' lang='lat' dir='ltr'>sed</span> <span class='ocrx_word' id='word_1_84' title='bbox 1092 975 1155 1015; x_wconf 88' lang='lat' dir='ltr'>coe·</span> 
     </span>
     <span class='ocr_line' id='line_1_10' title="bbox 150 1036 1153 1118; baseline 0.002 -22"><span class='ocrx_word' id='word_1_85' title='bbox 150 1048 168 1096; x_wconf 88' lang='lat'>4</span> <span class='ocrx_word' id='word_1_86' title='bbox 186 1051 260 1118; x_wconf 89' lang='lat' dir='ltr'>ptam</span> <span class='ocrx_word' id='word_1_87' title='bbox 277 1043 388 1100; x_wconf 88' lang='lat' dir='ltr'>tutelam</span> <span class='ocrx_word' id='word_1_88' title='bbox 400 1043 527 1100; x_wconf 90' lang='lat' dir='ltr'>deserere</span> <span class='ocrx_word' id='word_1_89' title='bbox 536 1036 743 1116; x_wconf 84' lang='lat' dir='ltr'>nonpossuut.¹</span> <span class='ocrx_word' id='word_1_90' title='bbox 769 1042 836 1098; x_wconf 88' lang='lat' dir='ltr'>ltem</span> <span class='ocrx_word' id='word_1_91' title='bbox 848 1050 960 1116; x_wconf 88' lang='lat' dir='ltr'>propter</span> <span class='ocrx_word' id='word_1_92' title='bbox 974 1043 1060 1115; x_wconf 88' lang='lat' dir='ltr'>litem,</span> <span class='ocrx_word' id='word_1_93' title='bbox 1073 1059 1153 1117; x_wconf 87' lang='lat' dir='ltr'>quam</span> 
     </span>
     <span class='ocr_line' id='line_1_11' title="bbox 186 1126 1153 1202; baseline -0.001 -18"><span class='ocrx_word' id='word_1_94' title='bbox 186 1145 246 1184; x_wconf 89' lang='lat' dir='ltr'>curn</span> <span class='ocrx_word' id='word_1_95' title='bbox 267 1127 373 1202; x_wconf 91' lang='lat' dir='ltr'>pupillo</span> <span class='ocrx_word' id='word_1_96' title='bbox 395 1128 438 1184; x_wconf 89' lang='lat' dir='ltr'>vel</span> <span class='ocrx_word' id='word_1_97' title='bbox 458 1127 551 1184; x_wconf 90' lang='lat' dir='ltr'>adulto</span> <span class='ocrx_word' id='word_1_98' title='bbox 573 1135 650 1184; x_wconf 90' lang='lat' dir='ltr'>tutor</span> <span class='ocrx_word' id='word_1_99' title='bbox 669 1127 711 1182; x_wconf 89' lang='lat' dir='ltr'>vel</span> <span class='ocrx_word' id='word_1_100' title='bbox 731 1135 840 1183; x_wconf 90' lang='lat' dir='ltr'>curator</span> <span class='ocrx_word' id='word_1_101' title='bbox 854 1126 951 1198; x_wconf 90' lang='lat' dir='ltr'>hahet,</span> <span class='ocrx_word' id='word_1_102' title='bbox 972 1143 1104 1183; x_wconf 84' lang='lat' dir='ltr'>excusare</span> <span class='ocrx_word' id='word_1_103' title='bbox 1125 1144 1153 1182; x_wconf 87' lang='lat' dir='ltr'>se</span> 
     </span>
     <span class='ocr_line' id='line_1_12' title="bbox 185 1211 1153 1286; baseline 0.002 -20"><span class='ocrx_word' id='word_1_104' title='bbox 185 1228 265 1269; x_wconf 89' lang='lat' dir='ltr'>nemo</span> <span class='ocrx_word' id='word_1_105' title='bbox 280 1220 386 1286; x_wconf 87' lang='lat' dir='ltr'>potest:</span> <span class='ocrx_word' id='word_1_106' title='bbox 408 1214 459 1268; x_wconf 91' lang='lat' dir='ltr'>nisi</span> <span class='ocrx_word' id='word_1_107' title='bbox 478 1212 549 1269; x_wconf 82' lang='lat' dir='ltr'>forte</span> <span class='ocrx_word' id='word_1_108' title='bbox 564 1212 598 1268; x_wconf 86' lang='lat' dir='ltr'>de</span> <span class='ocrx_word' id='word_1_109' title='bbox 614 1211 737 1268; x_wconf 86' lang='lat' dir='ltr'>omnihus</span> <span class='ocrx_word' id='word_1_110' title='bbox 752 1211 831 1268; x_wconf 89' lang='lat' dir='ltr'>bonis</span> <span class='ocrx_word' id='word_1_111' title='bbox 853 1211 896 1267; x_wconf 92' lang='lat' dir='ltr'>vel</span> <span class='ocrx_word' id='word_1_112' title='bbox 916 1211 1067 1268; x_wconf 88' lang='lat' dir='ltr'>hereditate</span> <span class='ocrx_word' id='word_1_113' title='bbox 1089 1229 1153 1268; x_wconf 89' lang='lat' dir='ltr'>con·</span> 
     </span>
     <span class='ocr_line' id='line_1_13' title="bbox 152 1295 1152 1354; baseline 0.002 -4"><span class='ocrx_word' id='word_1_114' title='bbox 152 1300 167 1350; x_wconf 83' lang='lat'><strong>5</strong></span> <span class='ocrx_word' id='word_1_115' title='bbox 186 1299 317 1353; x_wconf 89' lang='lat' dir='ltr'>troversia</span> <span class='ocrx_word' id='word_1_116' title='bbox 337 1299 382 1354; x_wconf 87' lang='lat' dir='ltr'>sit.</span> <span class='ocrx_word' id='word_1_117' title='bbox 412 1297 479 1354; x_wconf 92' lang='lat' dir='ltr'>ltem</span> <span class='ocrx_word' id='word_1_118' title='bbox 501 1299 552 1353; x_wconf 91' lang='lat' dir='ltr'>tria</span> <span class='ocrx_word' id='word_1_119' title='bbox 573 1313 655 1353; x_wconf 89' lang='lat' dir='ltr'>onera</span> <span class='ocrx_word' id='word_1_120' title='bbox 669 1295 771 1353; x_wconf 83' lang='lat' dir='ltr'>tutelae</span> <span class='ocrx_word' id='word_1_121' title='bbox 791 1312 847 1352; x_wconf 89' lang='lat' dir='ltr'>non</span> <span class='ocrx_word' id='word_1_122' title='bbox 861 1295 999 1352; x_wconf 81' lang='lat' dir='ltr'>affectatae</span> <span class='ocrx_word' id='word_1_123' title='bbox 1013 1296 1058 1352; x_wconf 85' lang='lat' dir='ltr'>vel</span> <span class='ocrx_word' id='word_1_124' title='bbox 1072 1313 1152 1352; x_wconf 88' lang='lat' dir='ltr'>curae</span> 
     </span>
     <span class='ocr_line' id='line_1_14' title="bbox 185 1380 1152 1456; baseline -0.001 -20"><span class='ocrx_word' id='word_1_125' title='bbox 185 1389 323 1454; x_wconf 84' lang='lat' dir='ltr'>praestant</span> <span class='ocrx_word' id='word_1_126' title='bbox 338 1383 519 1454; x_wconf 87' lang='lat' dir='ltr'>vacationem,</span> <span class='ocrx_word' id='word_1_127' title='bbox 542 1381 669 1456; x_wconf 88' lang='lat' dir='ltr'>quamdiu</span> <span class='ocrx_word' id='word_1_128' title='bbox 684 1381 919 1438; x_wconf 82' lang='lat' dir='ltr'>administrantur:</span> <span class='ocrx_word' id='word_1_129' title='bbox 941 1387 972 1436; x_wconf 89' lang='lat' dir='ltr'>ut</span> <span class='ocrx_word' id='word_1_130' title='bbox 987 1389 1078 1436; x_wconf 88' lang='lat' dir='ltr'>tamen</span> <span class='ocrx_word' id='word_1_131' title='bbox 1093 1380 1152 1455; x_wconf 93' lang='lat' dir='ltr'>plu-</span> 
     </span>
     <span class='ocr_line' id='line_1_15' title="bbox 185 1463 1152 1541; baseline 0 -22"><span class='ocrx_word' id='word_1_132' title='bbox 185 1465 254 1522; x_wconf 92' lang='lat' dir='ltr'>rium</span> <span class='ocrx_word' id='word_1_133' title='bbox 276 1467 442 1541; x_wconf 91' lang='lat' dir='ltr'>pupillorum</span> <span class='ocrx_word' id='word_1_134' title='bbox 463 1467 549 1523; x_wconf 88' lang='lat' dir='ltr'>tutela</span> <span class='ocrx_word' id='word_1_135' title='bbox 574 1466 617 1522; x_wconf 90' lang='lat' dir='ltr'>vel</span> <span class='ocrx_word' id='word_1_136' title='bbox 638 1482 701 1522; x_wconf 89' lang='lat' dir='ltr'>cura</span> <span class='ocrx_word' id='word_1_137' title='bbox 726 1465 875 1522; x_wconf 89' lang='lat' dir='ltr'>eorundem</span> <span class='ocrx_word' id='word_1_138' title='bbox 896 1463 1047 1537; x_wconf 90' lang='lat' dir='ltr'>honorum,</span> <span class='ocrx_word' id='word_1_139' title='bbox 1069 1465 1152 1521; x_wconf 86' lang='lat' dir='ltr'>veluti</span> 
     </span>
     <span class='ocr_line' id='line_1_16' title="bbox 151 1549 1151 1626; baseline 0.002 -24"><span class='ocrx_word' id='word_1_140' title='bbox 151 1554 167 1602; x_wconf 87' lang='grc'><strong>6</strong></span> <span class='ocrx_word' id='word_1_141' title='bbox 186 1549 309 1622; x_wconf 84' lang='lat' dir='ltr'>fratrum,</span> <span class='ocrx_word' id='word_1_142' title='bbox 325 1568 375 1625; x_wconf 92' lang='lat' dir='ltr'>pro</span> <span class='ocrx_word' id='word_1_143' title='bbox 391 1568 443 1607; x_wconf 91' lang='lat' dir='ltr'>una</span> <span class='ocrx_word' id='word_1_144' title='bbox 459 1558 641 1626; x_wconf 86' lang='lat' dir='ltr'>computetur.</span> <span class='ocrx_word' id='word_1_145' title='bbox 673 1549 725 1606; x_wconf 86' lang='lat' dir='ltr'>Sed</span> <span class='ocrx_word' id='word_1_146' title='bbox 741 1558 768 1605; x_wconf 90' lang='lat' dir='ltr'>et</span> <span class='ocrx_word' id='word_1_147' title='bbox 779 1557 893 1624; x_wconf 90' lang='lat' dir='ltr'>propter</span> <span class='ocrx_word' id='word_1_148' title='bbox 904 1557 1092 1624; x_wconf 89' lang='lat' dir='ltr'>paupertatem</span> <span class='ocrx_word' id='word_1_149' title='bbox 1110 1565 1151 1604; x_wconf 80' lang='lat' dir='ltr'>er·</span> 
     </span>
     <span class='ocr_line' id='line_1_17' title="bbox 185 1633 1151 1708; baseline -0.003 -18"><span class='ocrx_word' id='word_1_150' title='bbox 185 1637 352 1690; x_wconf 87' lang='lat' dir='ltr'>cusationem</span> <span class='ocrx_word' id='word_1_151' title='bbox 367 1635 449 1690; x_wconf 88' lang='lat' dir='ltr'>tribui</span> <span class='ocrx_word' id='word_1_152' title='bbox 471 1643 523 1690; x_wconf 84' lang='lat' dir='ltr'>tam</span> <span class='ocrx_word' id='word_1_153' title='bbox 544 1635 597 1690; x_wconf 90' lang='lat' dir='ltr'>divi</span> <span class='ocrx_word' id='word_1_154' title='bbox 617 1634 715 1690; x_wconf 88' lang='lat' dir='ltr'>iratres</span> <span class='ocrx_word' id='word_1_155' title='bbox 737 1651 817 1708; x_wconf 88' lang='lat' dir='ltr'>quarn</span> <span class='ocrx_word' id='word_1_156' title='bbox 836 1651 885 1708; x_wconf 86' lang='lat' dir='ltr'>per</span> <span class='ocrx_word' id='word_1_157' title='bbox 905 1651 934 1690; x_wconf 89' lang='lat' dir='ltr'>se</span> <span class='ocrx_word' id='word_1_158' title='bbox 956 1635 1031 1690; x_wconf 87' lang='lat' dir='ltr'>divus</span> <span class='ocrx_word' id='word_1_159' title='bbox 1047 1633 1151 1690; x_wconf 89' lang='lat' dir='ltr'>llarcus</span> 
     </span>
     <span class='ocr_line' id='line_1_18' title="bbox 186 1719 1150 1792; baseline 0.001 -20"><span class='ocrx_word' id='word_1_160' title='bbox 186 1720 340 1792; x_wconf 87' lang='lat' dir='ltr'>rescripsit,</span> <span class='ocrx_word' id='word_1_161' title='bbox 362 1720 385 1773; x_wconf 92' lang='lat' dir='ltr'>si</span> <span class='ocrx_word' id='word_1_162' title='bbox 406 1720 466 1791; x_wconf 91' lang='lat' dir='ltr'>quis</span> <span class='ocrx_word' id='word_1_163' title='bbox 486 1720 617 1791; x_wconf 86' lang='lat' dir='ltr'>imperem</span> <span class='ocrx_word' id='word_1_164' title='bbox 643 1734 673 1774; x_wconf 90' lang='lat' dir='ltr'>se</span> <span class='ocrx_word' id='word_1_165' title='bbox 694 1719 771 1774; x_wconf 89' lang='lat' dir='ltr'>oneri</span> <span class='ocrx_word' id='word_1_166' title='bbox 791 1720 913 1775; x_wconf 92' lang='lat' dir='ltr'>iniuncto</span> <span class='ocrx_word' id='word_1_167' title='bbox 933 1720 1020 1792; x_wconf 90' lang='lat' dir='ltr'>possit</span> <span class='ocrx_word' id='word_1_168' title='bbox 1041 1719 1150 1774; x_wconf 87' lang='lat' dir='ltr'>docere.</span> 
     </span>
     <span class='ocr_line' id='line_1_19' title="bbox 152 1801 1151 1878; baseline 0.002 -22"><span class='ocrx_word' id='word_1_169' title='bbox 152 1801 252 1858; x_wconf 83' lang='lat' dir='ltr'>&#39;tltem</span> <span class='ocrx_word' id='word_1_170' title='bbox 273 1810 387 1875; x_wconf 87' lang='lat' dir='ltr'>propter</span> <span class='ocrx_word' id='word_1_171' title='bbox 408 1801 543 1856; x_wconf 88' lang='lat' dir='ltr'>adversam</span> <span class='ocrx_word' id='word_1_172' title='bbox 565 1801 759 1872; x_wconf 88' lang='lat' dir='ltr'>valetudinem,</span> <span class='ocrx_word' id='word_1_173' title='bbox 785 1811 998 1878; x_wconf 89' lang='lat' dir='ltr'>propterquam</span> <span class='ocrx_word' id='word_1_174' title='bbox 1024 1819 1075 1859; x_wconf 86' lang='lat' dir='ltr'>nec</span> <span class='ocrx_word' id='word_1_175' title='bbox 1096 1804 1151 1858; x_wconf 91' lang='lat' dir='ltr'>suis</span> 
     </span>
     <span class='ocr_line' id='line_1_20' title="bbox 152 1885 1152 1959; baseline 0.003 -20"><span class='ocrx_word' id='word_1_176' title='bbox 152 1889 167 1937; x_wconf 87' lang='lat'>8</span> <span class='ocrx_word' id='word_1_177' title='bbox 187 1885 295 1958; x_wconf 88' lang='lat' dir='ltr'>quidem</span> <span class='ocrx_word' id='word_1_178' title='bbox 311 1887 429 1959; x_wconf 81' lang='lat' dir='ltr'>negotiis</span> <span class='ocrx_word' id='word_1_179' title='bbox 444 1887 576 1941; x_wconf 87' lang='lat' dir='ltr'>interesse</span> <span class='ocrx_word' id='word_1_180' title='bbox 587 1893 690 1959; x_wconf 91' lang='lat' dir='ltr'>potest,</span> <span class='ocrx_word' id='word_1_181' title='bbox 703 1888 839 1944; x_wconf 80' lang='lat' dir='ltr'>excusatio</span> <span class='ocrx_word' id='word_1_182' title='bbox 855 1887 945 1942; x_wconf 90' lang='lat' dir='ltr'>locum</span> <span class='ocrx_word' id='word_1_183' title='bbox 958 1885 1048 1944; x_wconf 89' lang='lat' dir='ltr'>habet.</span> <span class='ocrx_word' id='word_1_184' title='bbox 1075 1887 1152 1943; x_wconf 89' lang='lat' dir='ltr'>Simi-</span> 
     </span>
     <span class='ocr_line' id='line_1_21' title="bbox 185 1968 1151 2044; baseline 0.002 -20"><span class='ocrx_word' id='word_1_185' title='bbox 185 1968 248 2024; x_wconf 87' lang='lat' dir='ltr'>liter</span> <span class='ocrx_word' id='word_1_186' title='bbox 263 1986 341 2041; x_wconf 88' lang='lat' dir='ltr'>eum,</span> <span class='ocrx_word' id='word_1_187' title='bbox 363 1971 410 2043; x_wconf 92' lang='lat' dir='ltr'>qui</span> <span class='ocrx_word' id='word_1_188' title='bbox 430 1969 533 2026; x_wconf 88' lang='lat' dir='ltr'>litteras</span> <span class='ocrx_word' id='word_1_189' title='bbox 548 1971 680 2043; x_wconf 91' lang='lat' dir='ltr'>nesciret,</span> <span class='ocrx_word' id='word_1_190' title='bbox 702 1970 884 2028; x_wconf 80' lang='lat' dir='ltr'>excusandum</span> <span class='ocrx_word' id='word_1_191' title='bbox 899 1987 975 2044; x_wconf 88' lang='lat' dir='ltr'>esse,</span> <span class='ocrx_word' id='word_1_192' title='bbox 995 1971 1073 2028; x_wconf 88' lang='lat' dir='ltr'>divus</span> <span class='ocrx_word' id='word_1_193' title='bbox 1089 1971 1151 2027; x_wconf 90' lang='lat' dir='ltr'>Pius</span> 
     </span>
     <span class='ocr_line' id='line_1_22' title="bbox 185 2055 1152 2130; baseline 0.004 -22"><span class='ocrx_word' id='word_1_194' title='bbox 185 2055 340 2128; x_wconf 87' lang='lat' dir='ltr'>rescripsit:</span> <span class='ocrx_word' id='word_1_195' title='bbox 361 2056 480 2129; x_wconf 90' lang='lat' dir='ltr'>quamvis</span> <span class='ocrx_word' id='word_1_196' title='bbox 503 2062 530 2110; x_wconf 93' lang='lat' dir='ltr'>et</span> <span class='ocrx_word' id='word_1_197' title='bbox 550 2055 667 2129; x_wconf 90' lang='lat' dir='ltr'>imperiti</span> <span class='ocrx_word' id='word_1_198' title='bbox 686 2055 836 2112; x_wconf 89' lang='lat' dir='ltr'>litterarum</span> <span class='ocrx_word' id='word_1_199' title='bbox 851 2065 970 2130; x_wconf 87' lang='lat' dir='ltr'>possunt</span> <span class='ocrx_word' id='word_1_200' title='bbox 989 2056 1023 2114; x_wconf 89' lang='lat' dir='ltr'>ad</span> <span class='ocrx_word' id='word_1_201' title='bbox 1041 2056 1152 2112; x_wconf 89' lang='lat' dir='ltr'>admini-</span> 
     </span>
     <span class='ocr_line' id='line_1_23' title="bbox 153 2138 1151 2215; baseline 0.003 -22"><span class='ocrx_word' id='word_1_202' title='bbox 153 2146 168 2194; x_wconf 85' lang='grc'>9</span> <span class='ocrx_word' id='word_1_203' title='bbox 186 2140 344 2197; x_wconf 87' lang='lat' dir='ltr'>strationem</span> <span class='ocrx_word' id='word_1_204' title='bbox 364 2141 538 2215; x_wconf 79' lang='lat' dir='ltr'>negotiorum</span> <span class='ocrx_word' id='word_1_205' title='bbox 559 2138 695 2196; x_wconf 84' lang='lat' dir='ltr'>sulficere.</span> <span class='ocrx_word' id='word_1_206' title='bbox 732 2139 798 2196; x_wconf 92' lang='lat' dir='ltr'>ltem</span> <span class='ocrx_word' id='word_1_207' title='bbox 817 2141 841 2195; x_wconf 91' lang='lat' dir='ltr'>si</span> <span class='ocrx_word' id='word_1_208' title='bbox 861 2149 974 2214; x_wconf 88' lang='lat' dir='ltr'>propter</span> <span class='ocrx_word' id='word_1_209' title='bbox 988 2141 1151 2196; x_wconf 88' lang='lat' dir='ltr'>inimicitiam</span> 
     </span>
     <span class='ocr_line' id='line_1_24' title="bbox 186 2223 1152 2302; baseline 0.001 -23"><span class='ocrx_word' id='word_1_210' title='bbox 186 2223 302 2297; x_wconf 89' lang='lat' dir='ltr'>aliquem</span> <span class='ocrx_word' id='word_1_211' title='bbox 317 2233 480 2282; x_wconf 90' lang='lat' dir='ltr'>testamento</span> <span class='ocrx_word' id='word_1_212' title='bbox 495 2233 615 2302; x_wconf 84' lang='lat' dir='ltr'>tutorem</span> <span class='ocrx_word' id='word_1_213' title='bbox 631 2234 708 2298; x_wconf 88' lang='lat' dir='ltr'>pater</span> <span class='ocrx_word' id='word_1_214' title='bbox 722 2224 842 2296; x_wconf 88' lang='lat' dir='ltr'>dederit,</span> <span class='ocrx_word' id='word_1_215' title='bbox 863 2225 916 2282; x_wconf 91' lang='lat' dir='ltr'>hoc</span> <span class='ocrx_word' id='word_1_216' title='bbox 930 2227 1018 2300; x_wconf 89' lang='lat' dir='ltr'>ipsum</span> <span class='ocrx_word' id='word_1_217' title='bbox 1033 2233 1152 2297; x_wconf 85' lang='lat' dir='ltr'>praestat</span> 
     </span>
     <span class='ocr_line' id='line_1_25' title="bbox 186 2309 1151 2382; baseline 0.002 -20"><span class='ocrx_word' id='word_1_218' title='bbox 186 2309 211 2362; x_wconf 89' lang='lat' dir='ltr'>ei</span> <span class='ocrx_word' id='word_1_219' title='bbox 226 2311 440 2366; x_wconf 82' lang='lat' dir='ltr'>excusationem:</span> <span class='ocrx_word' id='word_1_220' title='bbox 459 2311 532 2366; x_wconf 90' lang='lat' dir='ltr'>siout</span> <span class='ocrx_word' id='word_1_221' title='bbox 546 2309 774 2382; x_wconf 87' lang='lat' dir='ltr'>percontrarium</span> <span class='ocrx_word' id='word_1_222' title='bbox 789 2325 845 2365; x_wconf 92' lang='lat' dir='ltr'>nou</span> <span class='ocrx_word' id='word_1_223' title='bbox 860 2317 1037 2380; x_wconf 80' lang='lat' dir='ltr'>excusantur,</span> <span class='ocrx_word' id='word_1_224' title='bbox 1061 2311 1151 2382; x_wconf 89' lang='lat' dir='ltr'>quise</span> 
     </span>
     <span class='ocr_line' id='line_1_26' title="bbox 137 2390 1151 2468; baseline 0 -21"><span class='ocrx_word' id='word_1_225' title='bbox 137 2401 168 2448; x_wconf 89' lang='lat'>10</span> <span class='ocrx_word' id='word_1_226' title='bbox 188 2391 299 2447; x_wconf 89' lang='lat' dir='ltr'>tutelam</span> <span class='ocrx_word' id='word_1_227' title='bbox 319 2395 388 2465; x_wconf 90' lang='lat' dir='ltr'>patri</span> <span class='ocrx_word' id='word_1_228' title='bbox 409 2390 575 2467; x_wconf 86' lang='lat' dir='ltr'>pupillorum</span> <span class='ocrx_word' id='word_1_229' title='bbox 600 2391 833 2450; x_wconf 89' lang='lat' dir='ltr'>administraturos</span> <span class='ocrx_word' id='word_1_230' title='bbox 861 2395 1054 2468; x_wconf 90' lang='lat' dir='ltr'>promiserunt.</span> <span class='ocrx_word' id='word_1_231' title='bbox 1092 2393 1151 2448; x_wconf 88' lang='lat' dir='ltr'>Nou</span> 
     </span>
     <span class='ocr_line' id='line_1_27' title="bbox 186 2475 1151 2551; baseline 0.001 -21"><span class='ocrx_word' id='word_1_232' title='bbox 186 2491 246 2530; x_wconf 89' lang='lat' dir='ltr'>esse</span> <span class='ocrx_word' id='word_1_233' title='bbox 257 2483 346 2532; x_wconf 90' lang='lat' dir='ltr'>autern</span> <span class='ocrx_word' id='word_1_234' title='bbox 358 2475 549 2533; x_wconf 90' lang='lat' dir='ltr'>admittendam</span> <span class='ocrx_word' id='word_1_235' title='bbox 560 2478 759 2532; x_wconf 77' lang='lat' dir='ltr'>excusationem</span> <span class='ocrx_word' id='word_1_236' title='bbox 771 2478 839 2550; x_wconf 89' lang='lat' dir='ltr'>eius,</span> <span class='ocrx_word' id='word_1_237' title='bbox 856 2479 902 2551; x_wconf 88' lang='lat' dir='ltr'>qui</span> <span class='ocrx_word' id='word_1_238' title='bbox 914 2479 967 2534; x_wconf 89' lang='lat' dir='ltr'>hoc</span> <span class='ocrx_word' id='word_1_239' title='bbox 977 2477 1037 2534; x_wconf 92' lang='lat' dir='ltr'>solo</span> <span class='ocrx_word' id='word_1_240' title='bbox 1055 2479 1151 2548; x_wconf 81' lang='lat' dir='ltr'>utitur,</span> 
     </span>
     <span class='ocr_line' id='line_1_28' title="bbox 187 2559 1149 2636; baseline 0.003 -22"><span class='ocrx_word' id='word_1_241' title='bbox 187 2559 260 2632; x_wconf 91' lang='lat' dir='ltr'>quod</span> <span class='ocrx_word' id='word_1_242' title='bbox 280 2561 393 2634; x_wconf 80' lang='lat' dir='ltr'>ignotus</span> <span class='ocrx_word' id='word_1_243' title='bbox 414 2562 484 2634; x_wconf 89' lang='lat' dir='ltr'>patri</span> <span class='ocrx_word' id='word_1_244' title='bbox 504 2559 670 2634; x_wconf 89' lang='lat' dir='ltr'>pupillorum</span> <span class='ocrx_word' id='word_1_245' title='bbox 685 2562 737 2634; x_wconf 92' lang='lat' dir='ltr'>sit,</span> <span class='ocrx_word' id='word_1_246' title='bbox 759 2561 812 2617; x_wconf 90' lang='lat' dir='ltr'>divi</span> <span class='ocrx_word' id='word_1_247' title='bbox 827 2561 926 2618; x_wconf 89' lang='lat' dir='ltr'>iratres</span> <span class='ocrx_word' id='word_1_248' title='bbox 942 2564 1149 2636; x_wconf 88' lang='lat' dir='ltr'>rescripserunt.</span> 
     </span>
     <span class='ocr_line' id='line_1_29' title="bbox 137 2645 1151 2720; baseline 0.001 -20"><span class='ocrx_word' id='word_1_249' title='bbox 137 2653 167 2701; x_wconf 87' lang='lat'>11</span> <span class='ocrx_word' id='word_1_250' title='bbox 186 2645 357 2716; x_wconf 89' lang='lat' dir='ltr'>inimicitiae,</span> <span class='ocrx_word' id='word_1_251' title='bbox 384 2661 450 2719; x_wconf 90' lang='lat' dir='ltr'>quas</span> <span class='ocrx_word' id='word_1_252' title='bbox 472 2645 614 2718; x_wconf 91' lang='lat' dir='ltr'>quiscum</span> <span class='ocrx_word' id='word_1_253' title='bbox 639 2654 716 2719; x_wconf 89' lang='lat' dir='ltr'>patre</span> <span class='ocrx_word' id='word_1_254' title='bbox 742 2645 908 2720; x_wconf 90' lang='lat' dir='ltr'>pupillorum</span> <span class='ocrx_word' id='word_1_255' title='bbox 934 2645 976 2702; x_wconf 90' lang='lat' dir='ltr'>vel</span> <span class='ocrx_word' id='word_1_256' title='bbox 997 2645 1151 2703; x_wconf 89' lang='lat' dir='ltr'>adultorum</span> 
     </span>
     <span class='ocr_line' id='line_1_30' title="bbox 186 2728 1150 2803; baseline 0 -17"><span class='ocrx_word' id='word_1_257' title='bbox 186 2731 315 2802; x_wconf 72' lang='lat' dir='ltr'>exercuit,</span> <span class='ocrx_word' id='word_1_258' title='bbox 331 2731 355 2785; x_wconf 92' lang='lat' dir='ltr'>si</span> <span class='ocrx_word' id='word_1_259' title='bbox 369 2729 496 2803; x_wconf 86' lang='lat' dir='ltr'>capitales</span> <span class='ocrx_word' id='word_1_260' title='bbox 512 2728 623 2784; x_wconf 87' lang='lat' dir='ltr'>luerunt</span> <span class='ocrx_word' id='word_1_261' title='bbox 637 2747 688 2787; x_wconf 89' lang='lat' dir='ltr'>nec</span> <span class='ocrx_word' id='word_1_262' title='bbox 702 2730 886 2788; x_wconf 88' lang='lat' dir='ltr'>reconciliatio</span> <span class='ocrx_word' id='word_1_263' title='bbox 900 2733 1063 2803; x_wconf 84' lang='lat' dir='ltr'>intervenit,</span> <span class='ocrx_word' id='word_1_264' title='bbox 1079 2747 1095 2787; x_wconf 89' lang='lat' dir='ltr'>a</span> <span class='ocrx_word' id='word_1_265' title='bbox 1110 2739 1150 2786; x_wconf 94' lang='lat' dir='ltr'>tu-</span> 
     </span>
     <span class='ocr_line' id='line_1_31' title="bbox 136 2805 1151 2890; baseline 0.004 -22"><span class='ocrx_word' id='word_1_266' title='bbox 136 2821 167 2869; x_wconf 76' lang='lat'>12</span> <span class='ocrx_word' id='word_1_267' title='bbox 186 2813 239 2870; x_wconf 89' lang='lat' dir='ltr'>tela</span> <span class='ocrx_word' id='word_1_268' title='bbox 254 2813 345 2870; x_wconf 88' lang='lat' dir='ltr'>solent</span> <span class='ocrx_word' id='word_1_269' title='bbox 361 2829 498 2870; x_wconf 80' lang='lat' dir='ltr'>excusare.</span> <span class='ocrx_word' id='word_1_270' title='bbox 529 2813 597 2870; x_wconf 90' lang='lat' dir='ltr'>ltem</span> <span class='ocrx_word' id='word_1_271' title='bbox 617 2815 640 2870; x_wconf 90' lang='lat' dir='ltr'>si</span> <span class='ocrx_word' id='word_1_272' title='bbox 661 2816 721 2888; x_wconf 85' lang='lat' dir='ltr'>quis</span> <span class='ocrx_word' id='word_1_273' title='bbox 742 2805 829 2871; x_wconf 83' lang='lat' dir='ltr'>status</span> <span class='ocrx_word' id='word_1_274' title='bbox 845 2817 1058 2874; x_wconf 85' lang='lat' dir='ltr'>controversiam</span> <span class='ocrx_word' id='word_1_275' title='bbox 1072 2832 1089 2872; x_wconf 89' lang='lat' dir='ltr'>a</span> <span class='ocrx_word' id='word_1_276' title='bbox 1103 2833 1151 2890; x_wconf 92' lang='lat' dir='ltr'>pu·</span> 
     </span>
     <span class='ocr_line' id='line_1_32' title="bbox 136 2897 1150 2973; baseline 0.002 -19"><span class='ocrx_word' id='word_1_277' title='bbox 136 2907 168 2955; x_wconf 86' lang='lat'>13</span> <span class='ocrx_word' id='word_1_278' title='bbox 185 2897 313 2971; x_wconf 77' lang='lat' dir='ltr'>pillosum</span> <span class='ocrx_word' id='word_1_279' title='bbox 328 2905 406 2971; x_wconf 89' lang='lat' dir='ltr'>patre</span> <span class='ocrx_word' id='word_1_280' title='bbox 419 2915 516 2973; x_wconf 90' lang='lat' dir='ltr'>passus</span> <span class='ocrx_word' id='word_1_281' title='bbox 532 2906 584 2970; x_wconf 89' lang='lat' dir='ltr'>est,</span> <span class='ocrx_word' id='word_1_282' title='bbox 600 2907 744 2955; x_wconf 74' lang='lat' dir='ltr'>excusatur</span> <span class='ocrx_word' id='word_1_283' title='bbox 764 2916 779 2955; x_wconf 92' lang='lat' dir='ltr'>a</span> <span class='ocrx_word' id='word_1_284' title='bbox 799 2901 893 2957; x_wconf 86' lang='lat' dir='ltr'>tutela.</span> <span class='ocrx_word' id='word_1_285' title='bbox 925 2899 992 2956; x_wconf 87' lang='lat' dir='ltr'>ltem</span> <span class='ocrx_word' id='word_1_286' title='bbox 1010 2903 1096 2958; x_wconf 86' lang='lat' dir='ltr'>maior</span> <span class='ocrx_word' id='word_1_287' title='bbox 1110 2916 1150 2956; x_wconf 89' lang='lat' dir='ltr'>se·</span> 
     </span>
     <span class='ocr_line' id='line_1_33' title="bbox 185 2982 1149 3058; baseline 0.004 -22"><span class='ocrx_word' id='word_1_288' title='bbox 185 2982 327 3056; x_wconf 76' lang='lat' dir='ltr'>ptuaginta</span> <span class='ocrx_word' id='word_1_289' title='bbox 347 2984 423 3040; x_wconf 69' lang='lat' dir='ltr'>anna</span> <span class='ocrx_word' id='word_1_290' title='bbox 439 3001 454 3038; x_wconf 89' lang='lat' dir='ltr'>a</span> <span class='ocrx_word' id='word_1_291' title='bbox 473 2983 559 3040; x_wconf 88' lang='lat' dir='ltr'>tutela</span> <span class='ocrx_word' id='word_1_292' title='bbox 578 2983 620 3040; x_wconf 90' lang='lat' dir='ltr'>vel</span> <span class='ocrx_word' id='word_1_293' title='bbox 635 2999 699 3040; x_wconf 89' lang='lat' dir='ltr'>cura</span> <span class='ocrx_word' id='word_1_294' title='bbox 713 3001 743 3040; x_wconf 92' lang='lat' dir='ltr'>se</span> <span class='ocrx_word' id='word_1_295' title='bbox 757 2992 850 3058; x_wconf 88' lang='lat' dir='ltr'>potest</span> <span class='ocrx_word' id='word_1_296' title='bbox 864 2999 1002 3042; x_wconf 80' lang='lat' dir='ltr'>excusare.</span> <span class='ocrx_word' id='word_1_297' title='bbox 1033 2987 1149 3041; x_wconf 90' lang='lat' dir='ltr'>minores</span> 
     </span>
     <span class='ocr_line' id='line_1_34' title="bbox 186 3067 1150 3142; baseline 0.001 -20"><span class='ocrx_word' id='word_1_298' title='bbox 186 3074 275 3122; x_wconf 90' lang='lat' dir='ltr'>autem</span> <span class='ocrx_word' id='word_1_299' title='bbox 295 3067 390 3142; x_wconf 81' lang='lat' dir='ltr'>viginti</span> <span class='ocrx_word' id='word_1_300' title='bbox 412 3077 440 3124; x_wconf 87' lang='lat' dir='ltr'>et</span> <span class='ocrx_word' id='word_1_301' title='bbox 460 3069 579 3142; x_wconf 86' lang='lat' dir='ltr'>quinque</span> <span class='ocrx_word' id='word_1_302' title='bbox 600 3069 676 3124; x_wconf 89' lang='lat' dir='ltr'>annis</span> <span class='ocrx_word' id='word_1_303' title='bbox 698 3067 760 3124; x_wconf 91' lang='lat' dir='ltr'>olim</span> <span class='ocrx_word' id='word_1_304' title='bbox 781 3069 888 3142; x_wconf 87' lang='lat' dir='ltr'>quidem</span> <span class='ocrx_word' id='word_1_305' title='bbox 910 3067 1150 3126; x_wconf 80' lang='lat' dir='ltr'>excusabanturza</span> 
     </span>
     <span class='ocr_line' id='line_1_35' title="bbox 186 3143 1148 3226; baseline 0.002 -20"><span class='ocrx_word' id='word_1_306' title='bbox 186 3158 279 3206; x_wconf 90' lang='lat' dir='ltr'>nostra</span> <span class='ocrx_word' id='word_1_307' title='bbox 293 3159 382 3210; x_wconf 89' lang='lat' dir='ltr'>autem</span> <span class='ocrx_word' id='word_1_308' title='bbox 397 3143 613 3210; x_wconf 83' lang='lat' dir='ltr'>constitutione²</span> <span class='ocrx_word' id='word_1_309' title='bbox 627 3152 807 3226; x_wconf 89' lang='lat' dir='ltr'>prohibentur</span> <span class='ocrx_word' id='word_1_310' title='bbox 822 3153 854 3208; x_wconf 93' lang='lat' dir='ltr'>ad</span> <span class='ocrx_word' id='word_1_311' title='bbox 869 3154 983 3210; x_wconf 88' lang='lat' dir='ltr'>tutelam</span> <span class='ocrx_word' id='word_1_312' title='bbox 1003 3153 1046 3210; x_wconf 86' lang='lat' dir='ltr'>rel</span> <span class='ocrx_word' id='word_1_313' title='bbox 1062 3169 1148 3210; x_wconf 89' lang='lat' dir='ltr'>curam</span> 
     </span>
     <span class='ocr_line' id='line_1_36' title="bbox 186 3235 1148 3312; baseline 0.003 -21"><span class='ocrx_word' id='word_1_314' title='bbox 186 3237 313 3310; x_wconf 87' lang='lat' dir='ltr'>aspirare,</span> <span class='ocrx_word' id='word_1_315' title='bbox 329 3237 396 3295; x_wconf 91' lang='lat' dir='ltr'>adeo</span> <span class='ocrx_word' id='word_1_316' title='bbox 412 3246 442 3295; x_wconf 94' lang='lat' dir='ltr'>ut</span> <span class='ocrx_word' id='word_1_317' title='bbox 457 3255 508 3310; x_wconf 83' lang='lat' dir='ltr'>uec</span> <span class='ocrx_word' id='word_1_318' title='bbox 523 3239 695 3296; x_wconf 84' lang='lat' dir='ltr'>excusatione</span> <span class='ocrx_word' id='word_1_319' title='bbox 717 3254 785 3312; x_wconf 92' lang='lat' dir='ltr'>opus</span> <span class='ocrx_word' id='word_1_320' title='bbox 801 3235 855 3294; x_wconf 85' lang='lat' dir='ltr'>fiat.</span> <span class='ocrx_word' id='word_1_321' title='bbox 888 3255 940 3312; x_wconf 90' lang='lat' dir='ltr'>qua</span> <span class='ocrx_word' id='word_1_322' title='bbox 956 3239 1148 3295; x_wconf 90' lang='lat' dir='ltr'>constitutione</span> 
     </span>
    </p>
   </div>
   <div class='ocr_carea' id='block_1_3' title="bbox 186 3432 1146 3570">
    <p class='ocr_par' dir='ltr' id='par_1_3' title="bbox 186 3432 1146 3570">
     <span class='ocr_line' id='line_1_37' title="bbox 255 3432 1146 3502; baseline 0 -16"><span class='ocrx_word' id='word_1_323' title='bbox 255 3432 362 3500; x_wconf 81' lang='lat' dir='ltr'><em>¹=L)</em></span> <span class='ocrx_word' id='word_1_324' title='bbox 366 3439 416 3486; x_wconf 77' lang='lat'>.21</span> <span class='ocrx_word' id='word_1_325' title='bbox 435 3453 478 3502; x_wconf 83' lang='lat' dir='ltr'>pr</span> <span class='ocrx_word' id='word_1_326' title='bbox 498 3439 531 3486; x_wconf 89' lang='lat' dir='ltr'><em>D</em></span> <span class='ocrx_word' id='word_1_327' title='bbox 556 3439 587 3488; x_wconf 85' lang='lat' dir='ltr'>de</span> <span class='ocrx_word' id='word_1_328' title='bbox 606 3451 692 3488; x_wconf 71' lang='lat' dir='ltr'>eacus</span> <span class='ocrx_word' id='word_1_329' title='bbox 712 3442 758 3488; x_wconf 84' lang='lat' dir='ltr'>tut.</span> <span class='ocrx_word' id='word_1_330' title='bbox 778 3437 827 3499; x_wconf 71' lang='lat' dir='ltr'>(dl,</span> <span class='ocrx_word' id='word_1_331' title='bbox 849 3435 873 3499; x_wconf 88' lang='lat'>1)</span> <span class='ocrx_word' id='word_1_332' title='bbox 898 3453 933 3488; x_wconf 80' lang='lat' dir='ltr'>eac</span> <span class='ocrx_word' id='word_1_333' title='bbox 951 3438 1084 3488; x_wconf 81' lang='lat' dir='ltr'>Marciani</span> <span class='ocrx_word' id='word_1_334' title='bbox 1099 3440 1146 3490; x_wconf 68' lang='lat' dir='ltr'>li</span> 
     </span>
     <span class='ocr_line' id='line_1_38' title="bbox 186 3500 832 3570; baseline 0.011 -20"><span class='ocrx_word' id='word_1_335' title='bbox 186 3501 265 3552; x_wconf 83' lang='lat' dir='ltr'>instit.</span> <span class='ocrx_word' id='word_1_336' title='bbox 336 3500 400 3570; x_wconf 82' lang='lat' dir='ltr'>²)L</span> <span class='ocrx_word' id='word_1_337' title='bbox 404 3507 453 3556; x_wconf 76' lang='lat'>,5</span> <span class='ocrx_word' id='word_1_338' title='bbox 474 3505 502 3555; x_wconf 85' lang='lat'><em>0</em></span> <span class='ocrx_word' id='word_1_339' title='bbox 521 3505 553 3556; x_wconf 87' lang='lat' dir='ltr'>de</span> <span class='ocrx_word' id='word_1_340' title='bbox 571 3505 640 3570; x_wconf 75' lang='lat' dir='ltr'>lepit</span> <span class='ocrx_word' id='word_1_341' title='bbox 662 3509 707 3554; x_wconf 85' lang='lat' dir='ltr'>tut.</span> <span class='ocrx_word' id='word_1_342' title='bbox 726 3504 760 3568; x_wconf 80' lang='lat'>(5,</span> <span class='ocrx_word' id='word_1_343' title='bbox 780 3504 832 3567; x_wconf 83' lang='lat'>30).</span> 
     </span>
    </p>
   </div>
   <div class='ocr_carea' id='block_1_4' title="bbox 0 0 1248 3916">
    <p class='ocr_par' dir='ltr' id='par_1_4' title="bbox 0 0 1248 3916">
     <span class='ocr_line' id='line_1_39' title="bbox 0 0 1248 3916; baseline 0 0"><span class='ocrx_word' id='word_1_344' title='bbox 0 0 1248 3916; x_wconf 95' lang='lat' dir='ltr'> </span> 
     </span>
    </p>
   </div>
  </div>
 </body>
</html>
