<?xml version="1.0" encoding="UTF-8"?>
<!DOCTYPE html PUBLIC "-//W3C//DTD XHTML 1.0 Transitional//EN"
    "http://www.w3.org/TR/xhtml1/DTD/xhtml1-transitional.dtd">
<html xmlns="http://www.w3.org/1999/xhtml" xml:lang="en" lang="en">
 <head>
  <title>
</title>
<meta http-equiv="Content-Type" content="text/html;charset=utf-8" />
  <meta name='ocr-system' content='tesseract 3.04.00' />
  <meta name='ocr-capabilities' content='ocr_page ocr_carea ocr_par ocr_line ocrx_word'/>
</head>
<body>
  <div class='ocr_page' id='page_1' title='image "./impivstinianiin00huscgoog_0067.png"; bbox 0 0 2486 3916; ppageno 0'>
   <div class='ocr_carea' id='block_1_1' title="bbox 174 189 869 254">
    <p class='ocr_par' dir='ltr' id='par_1_1' title="bbox 174 189 869 254">
     <span class='ocr_line' id='line_1_1' title="bbox 174 189 869 254; baseline -0.001 -14"><span class='ocrx_word' id='word_1_1' title='bbox 174 189 217 254; x_wconf 82' lang='lat'><strong>42</strong></span> <span class='ocrx_word' id='word_1_2' title='bbox 455 205 489 240; x_wconf 79' lang='lat' dir='ltr'><strong>su</strong></span> <span class='ocrx_word' id='word_1_3' title='bbox 510 204 605 242; x_wconf 78' lang='grc'>1111111111</span> <span class='ocrx_word' id='word_1_4' title='bbox 623 204 769 240; x_wconf 77' lang='lat' dir='ltr'><strong>orvrsrous</strong></span> <span class='ocrx_word' id='word_1_5' title='bbox 788 190 824 251; x_wconf 81' lang='lat'><strong>11,</strong></span> <span class='ocrx_word' id='word_1_6' title='bbox 845 193 869 239; x_wconf 84' lang='lat'><strong>1.</strong></span> 
     </span>
    </p>
   </div>
   <div class='ocr_carea' id='block_1_2' title="bbox 121 345 1236 3030">
    <p class='ocr_par' dir='ltr' id='par_1_2' title="bbox 173 345 1233 758">
     <span class='ocr_line' id='line_1_2' title="bbox 174 345 1233 420; baseline -0.004 -17"><span class='ocrx_word' id='word_1_7' title='bbox 174 346 360 418; x_wconf 79' lang='lat' dir='ltr'><strong>aedificatore,</strong></span> <span class='ocrx_word' id='word_1_8' title='bbox 381 346 433 402; x_wconf 88' lang='lat' dir='ltr'><strong>soii</strong></span> <span class='ocrx_word' id='word_1_9' title='bbox 449 346 574 402; x_wconf 89' lang='lat' dir='ltr'><strong>dominus</strong></span> <span class='ocrx_word' id='word_1_10' title='bbox 595 356 669 420; x_wconf 86' lang='lat' dir='ltr'><strong>petat</strong></span> <span class='ocrx_word' id='word_1_11' title='bbox 690 346 799 401; x_wconf 90' lang='lat' dir='ltr'><strong>domum</strong></span> <span class='ocrx_word' id='word_1_12' title='bbox 816 363 892 400; x_wconf 85' lang='lat' dir='ltr'><strong>suam</strong></span> <span class='ocrx_word' id='word_1_13' title='bbox 913 363 973 402; x_wconf 90' lang='lat' dir='ltr'><strong>esse</strong></span> <span class='ocrx_word' id='word_1_14' title='bbox 988 363 1038 402; x_wconf 89' lang='lat' dir='ltr'><strong>nec</strong></span> <span class='ocrx_word' id='word_1_15' title='bbox 1053 345 1148 401; x_wconf 85' lang='lat' dir='ltr'><strong>solvat</strong></span> <span class='ocrx_word' id='word_1_16' title='bbox 1232 373 1233 416; x_wconf 68' lang='lat' dir='ltr'><strong>t</strong></span> 
     </span>
     <span class='ocr_line' id='line_1_3' title="bbox 173 429 1233 506; baseline -0.001 -20"><span class='ocrx_word' id='word_1_17' title='bbox 173 433 290 506; x_wconf 89' lang='lat' dir='ltr'><strong>pretium</strong></span> <span class='ocrx_word' id='word_1_18' title='bbox 305 431 432 486; x_wconf 80' lang='lat' dir='ltr'><strong>materiae</strong></span> <span class='ocrx_word' id='word_1_19' title='bbox 448 437 475 485; x_wconf 91' lang='lat' dir='ltr'><strong>et</strong></span> <span class='ocrx_word' id='word_1_20' title='bbox 490 429 628 487; x_wconf 84' lang='lat' dir='ltr'><strong>mercedes</strong></span> <span class='ocrx_word' id='word_1_21' title='bbox 644 429 799 501; x_wconf 76' lang='lat' dir='ltr'><strong>fabrorum,</strong></span> <span class='ocrx_word' id='word_1_22' title='bbox 819 447 901 504; x_wconf 85' lang='lat' dir='ltr'><strong>posse</strong></span> <span class='ocrx_word' id='word_1_23' title='bbox 917 447 977 486; x_wconf 86' lang='lat' dir='ltr'><strong>enm</strong></span> <span class='ocrx_word' id='word_1_24' title='bbox 993 447 1042 503; x_wconf 90' lang='lat' dir='ltr'><strong>per</strong></span> <span class='ocrx_word' id='word_1_25' title='bbox 1065 447 1149 486; x_wconf 83' lang='lat' dir='ltr'><strong>erce·</strong></span> <span class='ocrx_word' id='word_1_26' title='bbox 1232 447 1233 450; x_wconf 45' lang='lat'>¹</span> 
     </span>
     <span class='ocr_line' id='line_1_4' title="bbox 173 513 1147 588; baseline 0 -18"><span class='ocrx_word' id='word_1_27' title='bbox 173 517 294 588; x_wconf 90' lang='lat' dir='ltr'><strong>ptionem</strong></span> <span class='ocrx_word' id='word_1_28' title='bbox 309 515 366 572; x_wconf 92' lang='lat' dir='ltr'><strong>doli</strong></span> <span class='ocrx_word' id='word_1_29' title='bbox 380 513 441 570; x_wconf 87' lang='lat' dir='ltr'><strong>mali</strong></span> <span class='ocrx_word' id='word_1_30' title='bbox 457 514 569 588; x_wconf 81' lang='lat' dir='ltr'><strong>repelli,</strong></span> <span class='ocrx_word' id='word_1_31' title='bbox 591 517 686 588; x_wconf 86' lang='lat' dir='ltr'><strong>utique</strong></span> <span class='ocrx_word' id='word_1_32' title='bbox 701 517 723 570; x_wconf 93' lang='lat' dir='ltr'><strong>si</strong></span> <span class='ocrx_word' id='word_1_33' title='bbox 738 513 825 570; x_wconf 84' lang='lat' dir='ltr'><strong>bonae</strong></span> <span class='ocrx_word' id='word_1_34' title='bbox 841 513 903 570; x_wconf 88' lang='lat' dir='ltr'><strong>fidei</strong></span> <span class='ocrx_word' id='word_1_35' title='bbox 918 531 1064 588; x_wconf 87' lang='lat' dir='ltr'><strong>possessor</strong></span> <span class='ocrx_word' id='word_1_36' title='bbox 1079 515 1147 585; x_wconf 84' lang='lat' dir='ltr'><strong>init,</strong></span> 
     </span>
     <span class='ocr_line' id='line_1_5' title="bbox 174 597 1148 673; baseline 0.001 -20"><span class='ocrx_word' id='word_1_37' title='bbox 174 601 222 673; x_wconf 90' lang='lat' dir='ltr'><strong>qui</strong></span> <span class='ocrx_word' id='word_1_38' title='bbox 236 597 415 656; x_wconf 80' lang='lat' dir='ltr'><strong>aedificasset:</strong></span> <span class='ocrx_word' id='word_1_39' title='bbox 437 615 497 656; x_wconf 87' lang='lat' dir='ltr'><strong>nam</strong></span> <span class='ocrx_word' id='word_1_40' title='bbox 512 601 618 669; x_wconf 87' lang='lat' dir='ltr'><strong>scienti,</strong></span> <span class='ocrx_word' id='word_1_41' title='bbox 632 598 748 654; x_wconf 89' lang='lat' dir='ltr'><strong>alienum</strong></span> <span class='ocrx_word' id='word_1_42' title='bbox 765 616 826 655; x_wconf 90' lang='lat' dir='ltr'><strong>csse</strong></span> <span class='ocrx_word' id='word_1_43' title='bbox 841 599 940 668; x_wconf 90' lang='lat' dir='ltr'><strong>solum,</strong></span> <span class='ocrx_word' id='word_1_44' title='bbox 955 607 1048 672; x_wconf 91' lang='lat' dir='ltr'><strong>potest</strong></span> <span class='ocrx_word' id='word_1_45' title='bbox 1063 599 1148 672; x_wconf 80' lang='lat' dir='ltr'><strong>culpa</strong></span> 
     </span>
     <span class='ocr_line' id='line_1_6' title="bbox 175 681 1148 758; baseline -0.001 -20"><span class='ocrx_word' id='word_1_46' title='bbox 175 682 260 756; x_wconf 87' lang='lat' dir='ltr'><strong>obici,</strong></span> <span class='ocrx_word' id='word_1_47' title='bbox 282 683 356 758; x_wconf 91' lang='lat' dir='ltr'><strong>quod</strong></span> <span class='ocrx_word' id='word_1_48' title='bbox 376 691 479 740; x_wconf 90' lang='lat' dir='ltr'><strong>temere</strong></span> <span class='ocrx_word' id='word_1_49' title='bbox 499 681 677 740; x_wconf 89' lang='lat' dir='ltr'><strong>aedificaverit</strong></span> <span class='ocrx_word' id='word_1_50' title='bbox 696 685 724 739; x_wconf 92' lang='lat' dir='ltr'><strong>iu</strong></span> <span class='ocrx_word' id='word_1_51' title='bbox 739 700 772 738; x_wconf 93' lang='lat' dir='ltr'><strong>eo</strong></span> <span class='ocrx_word' id='word_1_52' title='bbox 788 683 864 754; x_wconf 86' lang='lat' dir='ltr'><strong>solo,</strong></span> <span class='ocrx_word' id='word_1_53' title='bbox 880 683 954 756; x_wconf 88' lang='lat' dir='ltr'><strong>quod</strong></span> <span class='ocrx_word' id='word_1_54' title='bbox 968 683 1148 758; x_wconf 83' lang='lat' dir='ltr'><strong>intellegeret</strong></span> 
     </span>
    </p>

    <p class='ocr_par' dir='ltr' id='par_1_3' title="bbox 122 766 1235 1599">
     <span class='ocr_line' id='line_1_7' title="bbox 122 766 1147 841; baseline -0.005 -15"><span class='ocrx_word' id='word_1_55' title='bbox 122 777 154 826; x_wconf 79' lang='lat'><strong>31</strong></span> <span class='ocrx_word' id='word_1_56' title='bbox 174 767 290 824; x_wconf 86' lang='lat' dir='ltr'><strong>alienum</strong></span> <span class='ocrx_word' id='word_1_57' title='bbox 306 785 376 823; x_wconf 90' lang='lat' dir='ltr'><strong>esse.</strong></span> <span class='ocrx_word' id='word_1_58' title='bbox 407 767 435 823; x_wconf 90' lang='lat' dir='ltr'><strong>Si</strong></span> <span class='ocrx_word' id='word_1_59' title='bbox 451 768 537 824; x_wconf 87' lang='lat' dir='ltr'><strong>Titius</strong></span> <span class='ocrx_word' id='word_1_60' title='bbox 552 767 666 824; x_wconf 83' lang='lat' dir='ltr'><strong>alienam</strong></span> <span class='ocrx_word' id='word_1_61' title='bbox 681 768 798 841; x_wconf 88' lang='lat' dir='ltr'><strong>plantam</strong></span> <span class='ocrx_word' id='word_1_62' title='bbox 818 769 846 822; x_wconf 96' lang='lat' dir='ltr'><strong>in</strong></span> <span class='ocrx_word' id='word_1_63' title='bbox 865 783 916 823; x_wconf 87' lang='lat' dir='ltr'><strong>suo</strong></span> <span class='ocrx_word' id='word_1_64' title='bbox 932 766 992 823; x_wconf 93' lang='lat' dir='ltr'><strong>solo</strong></span> <span class='ocrx_word' id='word_1_65' title='bbox 1007 769 1147 841; x_wconf 75' lang='lat' dir='ltr'><strong>posuerit,</strong></span> 
     </span>
     <span class='ocr_line' id='line_1_8' title="bbox 161 845 1234 925; baseline 0 -19"><span class='ocrx_word' id='word_1_66' title='bbox 161 847 260 925; x_wconf 86' lang='lat' dir='ltr'><strong>¹ipsius</strong></span> <span class='ocrx_word' id='word_1_67' title='bbox 277 854 344 908; x_wconf 90' lang='lat' dir='ltr'><strong>erit:</strong></span> <span class='ocrx_word' id='word_1_68' title='bbox 361 861 388 908; x_wconf 88' lang='lat' dir='ltr'><strong>et</strong></span> <span class='ocrx_word' id='word_1_69' title='bbox 403 869 436 906; x_wconf 78' lang='lat' dir='ltr'><strong>er</strong></span> <span class='ocrx_word' id='word_1_70' title='bbox 452 851 559 907; x_wconf 88' lang='lat' dir='ltr'><strong>diverso</strong></span> <span class='ocrx_word' id='word_1_71' title='bbox 575 853 598 906; x_wconf 93' lang='lat' dir='ltr'><strong>si</strong></span> <span class='ocrx_word' id='word_1_72' title='bbox 609 852 695 908; x_wconf 88' lang='lat' dir='ltr'><strong>Titius</strong></span> <span class='ocrx_word' id='word_1_73' title='bbox 711 869 786 908; x_wconf 90' lang='lat' dir='ltr'><strong>suam</strong></span> <span class='ocrx_word' id='word_1_74' title='bbox 802 851 919 924; x_wconf 88' lang='lat' dir='ltr'><strong>plantam</strong></span> <span class='ocrx_word' id='word_1_75' title='bbox 934 853 962 906; x_wconf 94' lang='lat' dir='ltr'><strong>in</strong></span> <span class='ocrx_word' id='word_1_76' title='bbox 973 851 1066 908; x_wconf 84' lang='lat' dir='ltr'><strong>Maevii</strong></span> <span class='ocrx_word' id='word_1_77' title='bbox 1081 851 1146 906; x_wconf 92' lang='lat' dir='ltr'><strong>solo</strong></span> <span class='ocrx_word' id='word_1_78' title='bbox 1233 845 1234 888; x_wconf 56' lang='grc' dir='ltr'>ἶ</span> 
     </span>
     <span class='ocr_line' id='line_1_9' title="bbox 174 935 1146 1010; baseline 0 -20"><span class='ocrx_word' id='word_1_79' title='bbox 174 938 309 1010; x_wconf 80' lang='lat' dir='ltr'><strong>posuerit,</strong></span> <span class='ocrx_word' id='word_1_80' title='bbox 325 935 417 991; x_wconf 86' lang='lat' dir='ltr'><strong>Maeuii</strong></span> <span class='ocrx_word' id='word_1_81' title='bbox 432 935 524 1008; x_wconf 87' lang='lat' dir='ltr'><strong>planta</strong></span> <span class='ocrx_word' id='word_1_82' title='bbox 539 937 602 1005; x_wconf 87' lang='lat' dir='ltr'><strong>erit,</strong></span> <span class='ocrx_word' id='word_1_83' title='bbox 617 936 733 992; x_wconf 91' lang='lat' dir='ltr'><strong>simodo</strong></span> <span class='ocrx_word' id='word_1_84' title='bbox 750 944 869 1009; x_wconf 89' lang='lat' dir='ltr'><strong>utroque</strong></span> <span class='ocrx_word' id='word_1_85' title='bbox 883 953 947 992; x_wconf 90' lang='lat' dir='ltr'><strong>casu</strong></span> <span class='ocrx_word' id='word_1_86' title='bbox 959 935 1062 992; x_wconf 83' lang='lat' dir='ltr'><strong>radices</strong></span> <span class='ocrx_word' id='word_1_87' title='bbox 1079 953 1146 1009; x_wconf 85' lang='lat' dir='ltr'><strong>ege-</strong></span> 
     </span>
     <span class='ocr_line' id='line_1_10' title="bbox 174 1019 1146 1094; baseline -0.001 -19"><span class='ocrx_word' id='word_1_88' title='bbox 174 1022 218 1076; x_wconf 88' lang='lat' dir='ltr'><strong>rit.</strong></span> <span class='ocrx_word' id='word_1_89' title='bbox 250 1030 393 1093; x_wconf 87' lang='lat' dir='ltr'><strong>antequam</strong></span> <span class='ocrx_word' id='word_1_90' title='bbox 415 1028 504 1074; x_wconf 88' lang='lat' dir='ltr'><strong>autem</strong></span> <span class='ocrx_word' id='word_1_91' title='bbox 525 1019 627 1075; x_wconf 88' lang='lat' dir='ltr'><strong>radices</strong></span> <span class='ocrx_word' id='word_1_92' title='bbox 649 1022 753 1094; x_wconf 80' lang='lat' dir='ltr'><strong>egerit,</strong></span> <span class='ocrx_word' id='word_1_93' title='bbox 777 1022 834 1076; x_wconf 90' lang='lat' dir='ltr'><strong>eius</strong></span> <span class='ocrx_word' id='word_1_94' title='bbox 850 1028 1005 1093; x_wconf 88' lang='lat' dir='ltr'><strong>permanet,</strong></span> <span class='ocrx_word' id='word_1_95' title='bbox 1021 1021 1099 1075; x_wconf 89' lang='lat' dir='ltr'><strong>cuius</strong></span> <span class='ocrx_word' id='word_1_96' title='bbox 1116 1028 1146 1074; x_wconf 90' lang='lat' dir='ltr'><strong>et</strong></span> 
     </span>
     <span class='ocr_line' id='line_1_11' title="bbox 174 1104 1146 1179; baseline 0 -21"><span class='ocrx_word' id='word_1_97' title='bbox 174 1105 270 1160; x_wconf 87' lang='lat' dir='ltr'><strong>iuerat.</strong></span> <span class='ocrx_word' id='word_1_98' title='bbox 302 1104 369 1158; x_wconf 84' lang='lat' dir='ltr'><strong>adeo</strong></span> <span class='ocrx_word' id='word_1_99' title='bbox 385 1112 475 1159; x_wconf 90' lang='lat' dir='ltr'><strong>autem</strong></span> <span class='ocrx_word' id='word_1_100' title='bbox 490 1120 523 1159; x_wconf 82' lang='lat' dir='ltr'><strong>eu</strong></span> <span class='ocrx_word' id='word_1_101' title='bbox 534 1120 578 1175; x_wconf 90' lang='lat' dir='ltr'><strong>eo,</strong></span> <span class='ocrx_word' id='word_1_102' title='bbox 594 1121 627 1159; x_wconf 82' lang='lat' dir='ltr'><strong>ex</strong></span> <span class='ocrx_word' id='word_1_103' title='bbox 639 1121 694 1176; x_wconf 89' lang='lat' dir='ltr'><strong>quo</strong></span> <span class='ocrx_word' id='word_1_104' title='bbox 709 1105 813 1160; x_wconf 75' lang='lat' dir='ltr'><strong>radices</strong></span> <span class='ocrx_word' id='word_1_105' title='bbox 829 1107 885 1179; x_wconf 83' lang='lat' dir='ltr'><strong>agit</strong></span> <span class='ocrx_word' id='word_1_106' title='bbox 900 1105 1002 1178; x_wconf 83' lang='lat' dir='ltr'><strong>planta,</strong></span> <span class='ocrx_word' id='word_1_107' title='bbox 1017 1106 1146 1178; x_wconf 89' lang='lat' dir='ltr'><strong>proprie·</strong></span> 
     </span>
     <span class='ocr_line' id='line_1_12' title="bbox 174 1189 1145 1261; baseline 0.001 -20"><span class='ocrx_word' id='word_1_108' title='bbox 174 1195 214 1242; x_wconf 91' lang='lat' dir='ltr'><strong>tas</strong></span> <span class='ocrx_word' id='word_1_109' title='bbox 230 1189 288 1243; x_wconf 92' lang='lat' dir='ltr'><strong>eius</strong></span> <span class='ocrx_word' id='word_1_110' title='bbox 304 1195 495 1259; x_wconf 82' lang='lat' dir='ltr'><strong>commutatur,</strong></span> <span class='ocrx_word' id='word_1_111' title='bbox 511 1195 559 1258; x_wconf 90' lang='lat' dir='ltr'><strong>ut,</strong></span> <span class='ocrx_word' id='word_1_112' title='bbox 574 1189 598 1243; x_wconf 89' lang='lat' dir='ltr'><strong>si</strong></span> <span class='ocrx_word' id='word_1_113' title='bbox 613 1189 693 1244; x_wconf 90' lang='lat' dir='ltr'><strong>vicini</strong></span> <span class='ocrx_word' id='word_1_114' title='bbox 708 1189 832 1245; x_wconf 78' lang='lat' dir='ltr'><strong>arborem</strong></span> <span class='ocrx_word' id='word_1_115' title='bbox 847 1191 883 1244; x_wconf 89' lang='lat' dir='ltr'><strong>ita</strong></span> <span class='ocrx_word' id='word_1_116' title='bbox 900 1197 972 1244; x_wconf 83' lang='lat' dir='ltr'><strong>terre</strong></span> <span class='ocrx_word' id='word_1_117' title='bbox 987 1189 1049 1244; x_wconf 86' lang='lat' dir='ltr'><strong>Titii</strong></span> <span class='ocrx_word' id='word_1_118' title='bbox 1065 1205 1145 1261; x_wconf 88' lang='lat' dir='ltr'><strong>pres·</strong></span> 
     </span>
     <span class='ocr_line' id='line_1_13' title="bbox 172 1271 1235 1346; baseline 0 -20"><span class='ocrx_word' id='word_1_119' title='bbox 172 1273 250 1342; x_wconf 84' lang='lat' dir='ltr'><strong>serit,</strong></span> <span class='ocrx_word' id='word_1_120' title='bbox 266 1274 339 1327; x_wconf 93' lang='lat' dir='ltr'><strong>utin</strong></span> <span class='ocrx_word' id='word_1_121' title='bbox 354 1273 412 1326; x_wconf 91' lang='lat' dir='ltr'><strong>eius</strong></span> <span class='ocrx_word' id='word_1_122' title='bbox 428 1272 542 1328; x_wconf 80' lang='lat' dir='ltr'><strong>fundum</strong></span> <span class='ocrx_word' id='word_1_123' title='bbox 557 1271 660 1328; x_wconf 80' lang='lat' dir='ltr'><strong>radices</strong></span> <span class='ocrx_word' id='word_1_124' title='bbox 676 1281 780 1346; x_wconf 79' lang='lat' dir='ltr'><strong>ageret,</strong></span> <span class='ocrx_word' id='word_1_125' title='bbox 796 1273 858 1328; x_wconf 82' lang='lat' dir='ltr'><strong>Titii</strong></span> <span class='ocrx_word' id='word_1_126' title='bbox 874 1271 944 1328; x_wconf 84' lang='lat' dir='ltr'><strong>effici</strong></span> <span class='ocrx_word' id='word_1_127' title='bbox 960 1271 1085 1328; x_wconf 90' lang='lat' dir='ltr'><strong>arborem</strong></span> <span class='ocrx_word' id='word_1_128' title='bbox 1101 1271 1144 1326; x_wconf 93' lang='lat' dir='ltr'><strong>di·</strong></span> <span class='ocrx_word' id='word_1_129' title='bbox 1234 1297 1235 1342; x_wconf 52' lang='grc'>1</span> 
     </span>
     <span class='ocr_line' id='line_1_14' title="bbox 173 1349 1144 1430; baseline -0.001 -19"><span class='ocrx_word' id='word_1_130' title='bbox 173 1349 297 1411; x_wconf 83' lang='lat' dir='ltr'><strong>camus:¹</strong></span> <span class='ocrx_word' id='word_1_131' title='bbox 319 1357 451 1412; x_wconf 86' lang='lat' dir='ltr'><strong>rationem</strong></span> <span class='ocrx_word' id='word_1_132' title='bbox 472 1357 572 1412; x_wconf 88' lang='lat' dir='ltr'><strong>etenim</strong></span> <span class='ocrx_word' id='word_1_133' title='bbox 596 1373 654 1412; x_wconf 88' lang='lat' dir='ltr'><strong>non</strong></span> <span class='ocrx_word' id='word_1_134' title='bbox 675 1359 849 1430; x_wconf 89' lang='lat' dir='ltr'><strong>permittere,</strong></span> <span class='ocrx_word' id='word_1_135' title='bbox 874 1365 904 1413; x_wconf 93' lang='lat' dir='ltr'><strong>ut</strong></span> <span class='ocrx_word' id='word_1_136' title='bbox 924 1357 1037 1413; x_wconf 88' lang='lat' dir='ltr'><strong>alterius</strong></span> <span class='ocrx_word' id='word_1_137' title='bbox 1059 1355 1144 1411; x_wconf 92' lang='lat' dir='ltr'><strong>arbor</strong></span> 
     </span>
     <span class='ocr_line' id='line_1_15' title="bbox 173 1439 1144 1515; baseline 0 -20"><span class='ocrx_word' id='word_1_138' title='bbox 173 1457 233 1495; x_wconf 91' lang='lat' dir='ltr'><strong>esse</strong></span> <span class='ocrx_word' id='word_1_139' title='bbox 253 1439 445 1514; x_wconf 81' lang='lat' dir='ltr'><strong>intellegatur,</strong></span> <span class='ocrx_word' id='word_1_140' title='bbox 469 1457 548 1514; x_wconf 91' lang='lat' dir='ltr'><strong>quam</strong></span> <span class='ocrx_word' id='word_1_141' title='bbox 569 1442 645 1497; x_wconf 88' lang='lat' dir='ltr'><strong>cuius</strong></span> <span class='ocrx_word' id='word_1_142' title='bbox 666 1443 694 1496; x_wconf 93' lang='lat' dir='ltr'><strong>in</strong></span> <span class='ocrx_word' id='word_1_143' title='bbox 716 1441 831 1498; x_wconf 80' lang='lat' dir='ltr'><strong>fundum</strong></span> <span class='ocrx_word' id='word_1_144' title='bbox 850 1441 954 1498; x_wconf 86' lang='lat' dir='ltr'><strong>radices</strong></span> <span class='ocrx_word' id='word_1_145' title='bbox 969 1442 1082 1515; x_wconf 80' lang='lat' dir='ltr'><strong>egisset.</strong></span> <span class='ocrx_word' id='word_1_146' title='bbox 1115 1448 1144 1496; x_wconf 90' lang='lat' dir='ltr'><strong>et</strong></span> 
     </span>
     <span class='ocr_line' id='line_1_16' title="bbox 171 1523 1142 1599; baseline 0 -20"><span class='ocrx_word' id='word_1_147' title='bbox 171 1523 233 1580; x_wconf 90' lang='lat' dir='ltr'><strong>ideo</strong></span> <span class='ocrx_word' id='word_1_148' title='bbox 254 1542 340 1599; x_wconf 93' lang='lat' dir='ltr'><strong>prope</strong></span> <span class='ocrx_word' id='word_1_149' title='bbox 361 1523 506 1580; x_wconf 85' lang='lat' dir='ltr'><strong>confinium</strong></span> <span class='ocrx_word' id='word_1_150' title='bbox 528 1524 609 1580; x_wconf 93' lang='lat' dir='ltr'><strong>arbor</strong></span> <span class='ocrx_word' id='word_1_151' title='bbox 629 1527 719 1598; x_wconf 90' lang='lat' dir='ltr'><strong>posita</strong></span> <span class='ocrx_word' id='word_1_152' title='bbox 739 1527 762 1581; x_wconf 93' lang='lat' dir='ltr'><strong>si</strong></span> <span class='ocrx_word' id='word_1_153' title='bbox 778 1527 858 1582; x_wconf 88' lang='lat' dir='ltr'><strong>etiam</strong></span> <span class='ocrx_word' id='word_1_154' title='bbox 878 1528 906 1581; x_wconf 93' lang='lat' dir='ltr'><strong>in</strong></span> <span class='ocrx_word' id='word_1_155' title='bbox 926 1526 1005 1581; x_wconf 89' lang='lat' dir='ltr'><strong>vicini</strong></span> <span class='ocrx_word' id='word_1_156' title='bbox 1026 1524 1142 1580; x_wconf 88' lang='lat' dir='ltr'><strong>iundum</strong></span> 
     </span>
    </p>

    <p class='ocr_par' dir='ltr' id='par_1_4' title="bbox 121 1603 1236 2104">
     <span class='ocr_line' id='line_1_17' title="bbox 121 1603 1141 1683; baseline 0.004 -23"><span class='ocrx_word' id='word_1_157' title='bbox 121 1610 154 1660; x_wconf 81' lang='lat'><strong>32</strong></span> <span class='ocrx_word' id='word_1_158' title='bbox 172 1607 275 1664; x_wconf 87' lang='lat' dir='ltr'><strong>radices</strong></span> <span class='ocrx_word' id='word_1_159' title='bbox 287 1610 384 1682; x_wconf 85' lang='lat' dir='ltr'><strong>egerit,</strong></span> <span class='ocrx_word' id='word_1_160' title='bbox 397 1611 546 1665; x_wconf 90' lang='lat' dir='ltr'><strong>communis</strong></span> <span class='ocrx_word' id='word_1_161' title='bbox 563 1608 602 1664; x_wconf 86' lang='lat' dir='ltr'><strong>fit.</strong></span> <span class='ocrx_word' id='word_1_162' title='bbox 628 1603 705 1676; x_wconf 81' lang='lat' dir='ltr'><strong>²Qua</strong></span> <span class='ocrx_word' id='word_1_163' title='bbox 720 1611 825 1666; x_wconf 90' lang='lat' dir='ltr'><strong>ratione</strong></span> <span class='ocrx_word' id='word_1_164' title='bbox 837 1617 926 1665; x_wconf 91' lang='lat' dir='ltr'><strong>autem</strong></span> <span class='ocrx_word' id='word_1_165' title='bbox 938 1610 1056 1683; x_wconf 86' lang='lat' dir='ltr'><strong>plantae,</strong></span> <span class='ocrx_word' id='word_1_166' title='bbox 1070 1625 1141 1682; x_wconf 88' lang='lat' dir='ltr'><strong>quae</strong></span> 
     </span>
     <span class='ocr_line' id='line_1_18' title="bbox 172 1692 1236 1766; baseline 0.001 -19"><span class='ocrx_word' id='word_1_167' title='bbox 172 1702 245 1747; x_wconf 91' lang='lat' dir='ltr'><strong>terra</strong></span> <span class='ocrx_word' id='word_1_168' title='bbox 260 1695 426 1762; x_wconf 88' lang='lat' dir='ltr'><strong>coalescunt,</strong></span> <span class='ocrx_word' id='word_1_169' title='bbox 442 1694 502 1748; x_wconf 91' lang='lat' dir='ltr'><strong>solo</strong></span> <span class='ocrx_word' id='word_1_170' title='bbox 518 1693 628 1763; x_wconf 88' lang='lat' dir='ltr'><strong>cedunt,</strong></span> <span class='ocrx_word' id='word_1_171' title='bbox 643 1692 736 1749; x_wconf 86' lang='lat' dir='ltr'><strong>eadem</strong></span> <span class='ocrx_word' id='word_1_172' title='bbox 750 1696 855 1749; x_wconf 92' lang='lat' dir='ltr'><strong>ratione</strong></span> <span class='ocrx_word' id='word_1_173' title='bbox 870 1694 1004 1750; x_wconf 80' lang='lat' dir='ltr'><strong>frumenta</strong></span> <span class='ocrx_word' id='word_1_174' title='bbox 1020 1709 1142 1766; x_wconf 88' lang='lat' dir='ltr'><strong>quoque,</strong></span> <span class='ocrx_word' id='word_1_175' title='bbox 1235 1735 1236 1754; x_wconf 48' lang='lat'>2</span> 
     </span>
     <span class='ocr_line' id='line_1_19' title="bbox 173 1776 1141 1852; baseline 0.002 -22"><span class='ocrx_word' id='word_1_176' title='bbox 173 1792 242 1849; x_wconf 86' lang='lat' dir='ltr'><strong>quae</strong></span> <span class='ocrx_word' id='word_1_177' title='bbox 257 1785 312 1831; x_wconf 85' lang='lat' dir='ltr'><strong>sata</strong></span> <span class='ocrx_word' id='word_1_178' title='bbox 328 1784 407 1846; x_wconf 88' lang='lat' dir='ltr'><strong>sunt,</strong></span> <span class='ocrx_word' id='word_1_179' title='bbox 431 1776 491 1832; x_wconf 91' lang='lat' dir='ltr'><strong>solo</strong></span> <span class='ocrx_word' id='word_1_180' title='bbox 513 1777 609 1832; x_wconf 85' lang='lat' dir='ltr'><strong>cedere</strong></span> <span class='ocrx_word' id='word_1_181' title='bbox 629 1777 837 1852; x_wconf 81' lang='lat' dir='ltr'><strong>intelleguntur.</strong></span> <span class='ocrx_word' id='word_1_182' title='bbox 873 1787 994 1834; x_wconf 90' lang='lat' dir='ltr'><strong>ceterum</strong></span> <span class='ocrx_word' id='word_1_183' title='bbox 1014 1779 1086 1834; x_wconf 89' lang='lat' dir='ltr'><strong>sicut</strong></span> <span class='ocrx_word' id='word_1_184' title='bbox 1104 1779 1141 1847; x_wconf 83' lang='lat' dir='ltr'><strong>is,</strong></span> 
     </span>
     <span class='ocr_line' id='line_1_20' title="bbox 173 1858 1141 1936; baseline 0.004 -24"><span class='ocrx_word' id='word_1_185' title='bbox 173 1861 262 1932; x_wconf 91' lang='lat' dir='ltr'><strong>quiin</strong></span> <span class='ocrx_word' id='word_1_186' title='bbox 282 1860 370 1916; x_wconf 90' lang='lat' dir='ltr'><strong>alieno</strong></span> <span class='ocrx_word' id='word_1_187' title='bbox 393 1860 453 1915; x_wconf 90' lang='lat' dir='ltr'><strong>solo</strong></span> <span class='ocrx_word' id='word_1_188' title='bbox 474 1858 669 1931; x_wconf 84' lang='lat' dir='ltr'><strong>aedificaverit,</strong></span> <span class='ocrx_word' id='word_1_189' title='bbox 692 1863 716 1917; x_wconf 91' lang='lat' dir='ltr'><strong>si</strong></span> <span class='ocrx_word' id='word_1_190' title='bbox 736 1862 769 1918; x_wconf 90' lang='lat' dir='ltr'><strong>ab</strong></span> <span class='ocrx_word' id='word_1_191' title='bbox 789 1880 822 1918; x_wconf 92' lang='lat' dir='ltr'><strong>eo</strong></span> <span class='ocrx_word' id='word_1_192' title='bbox 839 1863 963 1918; x_wconf 89' lang='lat' dir='ltr'><strong>dominus</strong></span> <span class='ocrx_word' id='word_1_193' title='bbox 979 1869 1054 1936; x_wconf 89' lang='lat' dir='ltr'><strong>petat</strong></span> <span class='ocrx_word' id='word_1_194' title='bbox 1070 1861 1141 1916; x_wconf 92' lang='lat' dir='ltr'><strong>aedi-</strong></span> 
     </span>
     <span class='ocr_line' id='line_1_21' title="bbox 173 1942 1140 2019; baseline 0.003 -22"><span class='ocrx_word' id='word_1_195' title='bbox 173 1942 274 2014; x_wconf 87' lang='lat' dir='ltr'><strong>ficium,</strong></span> <span class='ocrx_word' id='word_1_196' title='bbox 290 1943 398 2000; x_wconf 81' lang='lat' dir='ltr'><strong>defendi</strong></span> <span class='ocrx_word' id='word_1_197' title='bbox 412 1953 505 2017; x_wconf 93' lang='lat' dir='ltr'><strong>potest</strong></span> <span class='ocrx_word' id='word_1_198' title='bbox 520 1961 569 2018; x_wconf 94' lang='lat' dir='ltr'><strong>per</strong></span> <span class='ocrx_word' id='word_1_199' title='bbox 585 1947 771 2019; x_wconf 83' lang='lat' dir='ltr'><strong>exceptionem</strong></span> <span class='ocrx_word' id='word_1_200' title='bbox 787 1947 843 2002; x_wconf 91' lang='lat' dir='ltr'><strong>doli</strong></span> <span class='ocrx_word' id='word_1_201' title='bbox 855 1947 918 2002; x_wconf 88' lang='lat' dir='ltr'><strong>mali</strong></span> <span class='ocrx_word' id='word_1_202' title='bbox 934 1945 1082 2002; x_wconf 90' lang='lat' dir='ltr'><strong>secundum</strong></span> <span class='ocrx_word' id='word_1_203' title='bbox 1097 1962 1140 2018; x_wconf 87' lang='lat' dir='ltr'><strong>ea,</strong></span> 
     </span>
     <span class='ocr_line' id='line_1_22' title="bbox 173 2027 1141 2104; baseline 0.001 -22"><span class='ocrx_word' id='word_1_204' title='bbox 173 2044 241 2102; x_wconf 86' lang='lat' dir='ltr'><strong>quae</strong></span> <span class='ocrx_word' id='word_1_205' title='bbox 256 2027 387 2086; x_wconf 84' lang='lat' dir='ltr'><strong>diximus:</strong></span> <span class='ocrx_word' id='word_1_206' title='bbox 402 2030 439 2084; x_wconf 91' lang='lat' dir='ltr'><strong>ita</strong></span> <span class='ocrx_word' id='word_1_207' title='bbox 455 2029 575 2086; x_wconf 86' lang='lat' dir='ltr'><strong>eiusdem</strong></span> <span class='ocrx_word' id='word_1_208' title='bbox 586 2031 753 2104; x_wconf 79' lang='lat' dir='ltr'><strong>exceptionis</strong></span> <span class='ocrx_word' id='word_1_209' title='bbox 766 2031 864 2086; x_wconf 85' lang='lat' dir='ltr'><strong>auxilio</strong></span> <span class='ocrx_word' id='word_1_210' title='bbox 880 2038 956 2086; x_wconf 92' lang='lat' dir='ltr'><strong>tutus</strong></span> <span class='ocrx_word' id='word_1_211' title='bbox 972 2047 1032 2086; x_wconf 91' lang='lat' dir='ltr'><strong>esse</strong></span> <span class='ocrx_word' id='word_1_212' title='bbox 1046 2037 1141 2103; x_wconf 90' lang='lat' dir='ltr'><strong>potest</strong></span> 
     </span>
    </p>

    <p class='ocr_par' dir='ltr' id='par_1_5' title="bbox 121 2113 1141 2858">
     <span class='ocr_line' id='line_1_23' title="bbox 121 2113 1141 2188; baseline -0.002 -18"><span class='ocrx_word' id='word_1_213' title='bbox 121 2121 154 2173; x_wconf 89' lang='lat'><strong>33</strong></span> <span class='ocrx_word' id='word_1_214' title='bbox 172 2115 206 2182; x_wconf 84' lang='lat' dir='ltr'><strong>is,</strong></span> <span class='ocrx_word' id='word_1_215' title='bbox 223 2114 270 2186; x_wconf 90' lang='lat' dir='ltr'><strong>qui</strong></span> <span class='ocrx_word' id='word_1_216' title='bbox 283 2113 400 2170; x_wconf 89' lang='lat' dir='ltr'><strong>alienum</strong></span> <span class='ocrx_word' id='word_1_217' title='bbox 420 2113 535 2170; x_wconf 82' lang='lat' dir='ltr'><strong>fundum</strong></span> <span class='ocrx_word' id='word_1_218' title='bbox 556 2131 604 2170; x_wconf 91' lang='lat' dir='ltr'><strong>sua</strong></span> <span class='ocrx_word' id='word_1_219' title='bbox 624 2114 830 2188; x_wconf 85' lang='lat' dir='ltr'><strong>impensa-hona</strong></span> <span class='ocrx_word' id='word_1_220' title='bbox 851 2113 903 2170; x_wconf 88' lang='lat' dir='ltr'><strong>fide</strong></span> <span class='ocrx_word' id='word_1_221' title='bbox 924 2116 1055 2171; x_wconf 85' lang='lat' dir='ltr'><strong>consevit.</strong></span> <span class='ocrx_word' id='word_1_222' title='bbox 1084 2113 1141 2168; x_wconf 88' lang='lat' dir='ltr'><strong>Lit-</strong></span> 
     </span>
     <span class='ocr_line' id='line_1_24' title="bbox 172 2197 1140 2272; baseline 0 -20"><span class='ocrx_word' id='word_1_223' title='bbox 172 2205 246 2253; x_wconf 81' lang='lat' dir='ltr'><strong>teree</strong></span> <span class='ocrx_word' id='word_1_224' title='bbox 262 2215 386 2272; x_wconf 80' lang='lat' dir='ltr'><strong>quoque,</strong></span> <span class='ocrx_word' id='word_1_225' title='bbox 406 2197 470 2254; x_wconf 90' lang='lat' dir='ltr'><strong>licet</strong></span> <span class='ocrx_word' id='word_1_226' title='bbox 485 2215 581 2254; x_wconf 78' lang='lat' dir='ltr'><strong>aureae</strong></span> <span class='ocrx_word' id='word_1_227' title='bbox 596 2200 666 2270; x_wconf 89' lang='lat' dir='ltr'><strong>sint,</strong></span> <span class='ocrx_word' id='word_1_228' title='bbox 681 2199 794 2272; x_wconf 91' lang='lat' dir='ltr'><strong>perinde</strong></span> <span class='ocrx_word' id='word_1_229' title='bbox 809 2200 908 2256; x_wconf 85' lang='lat' dir='ltr'><strong>chartis</strong></span> <span class='ocrx_word' id='word_1_230' title='bbox 924 2199 1140 2272; x_wconf 88' lang='lat' dir='ltr'><strong>membranisque</strong></span> 
     </span>
     <span class='ocr_line' id='line_1_25' title="bbox 173 2281 1140 2356; baseline -0.001 -18"><span class='ocrx_word' id='word_1_231' title='bbox 173 2282 285 2351; x_wconf 88' lang='lat' dir='ltr'><strong>cedunt,</strong></span> <span class='ocrx_word' id='word_1_232' title='bbox 301 2284 355 2336; x_wconf 87' lang='lat' dir='ltr'><strong>acsi</strong></span> <span class='ocrx_word' id='word_1_233' title='bbox 370 2282 430 2338; x_wconf 91' lang='lat' dir='ltr'><strong>solo</strong></span> <span class='ocrx_word' id='word_1_234' title='bbox 446 2282 542 2337; x_wconf 90' lang='lat' dir='ltr'><strong>cedere</strong></span> <span class='ocrx_word' id='word_1_235' title='bbox 557 2284 647 2337; x_wconf 91' lang='lat' dir='ltr'><strong>soient</strong></span> <span class='ocrx_word' id='word_1_236' title='bbox 663 2300 708 2353; x_wconf 92' lang='lat' dir='ltr'><strong>ea,</strong></span> <span class='ocrx_word' id='word_1_237' title='bbox 731 2300 798 2356; x_wconf 94' lang='lat' dir='ltr'><strong>quae</strong></span> <span class='ocrx_word' id='word_1_238' title='bbox 813 2281 1017 2339; x_wconf 80' lang='lat' dir='ltr'><strong>inaedificentur</strong></span> <span class='ocrx_word' id='word_1_239' title='bbox 1038 2291 1084 2338; x_wconf 91' lang='lat' dir='ltr'><strong>aut</strong></span> <span class='ocrx_word' id='word_1_240' title='bbox 1098 2284 1140 2337; x_wconf 91' lang='lat' dir='ltr'><strong>in·</strong></span> 
     </span>
     <span class='ocr_line' id='line_1_26' title="bbox 172 2365 1139 2437; baseline 0 -17"><span class='ocrx_word' id='word_1_241' title='bbox 172 2373 316 2420; x_wconf 89' lang='lat' dir='ltr'><strong>seruntur:</strong></span> <span class='ocrx_word' id='word_1_242' title='bbox 337 2365 454 2437; x_wconf 90' lang='lat' dir='ltr'><strong>ideoque</strong></span> <span class='ocrx_word' id='word_1_243' title='bbox 475 2366 545 2420; x_wconf 92' lang='lat' dir='ltr'><strong>siin</strong></span> <span class='ocrx_word' id='word_1_244' title='bbox 568 2367 668 2421; x_wconf 91' lang='lat' dir='ltr'><strong>chartis</strong></span> <span class='ocrx_word' id='word_1_245' title='bbox 684 2367 878 2429; x_wconf 87' lang='lat' dir='ltr'><strong>membranisve</strong></span> <span class='ocrx_word' id='word_1_246' title='bbox 898 2369 952 2422; x_wconf 88' lang='lat' dir='ltr'><strong>tuis</strong></span> <span class='ocrx_word' id='word_1_247' title='bbox 973 2384 1082 2424; x_wconf 88' lang='lat' dir='ltr'><strong>carmen</strong></span> <span class='ocrx_word' id='word_1_248' title='bbox 1096 2367 1139 2422; x_wconf 91' lang='lat' dir='ltr'><strong>vei</strong></span> 
     </span>
     <span class='ocr_line' id='line_1_27' title="bbox 174 2448 1139 2525; baseline 0.004 -23"><span class='ocrx_word' id='word_1_249' title='bbox 174 2449 312 2502; x_wconf 86' lang='lat' dir='ltr'><strong>historiam</strong></span> <span class='ocrx_word' id='word_1_250' title='bbox 327 2448 369 2503; x_wconf 91' lang='lat' dir='ltr'><strong>vel</strong></span> <span class='ocrx_word' id='word_1_251' title='bbox 386 2449 535 2504; x_wconf 89' lang='lat' dir='ltr'><strong>orationem</strong></span> <span class='ocrx_word' id='word_1_252' title='bbox 553 2449 639 2504; x_wconf 88' lang='lat' dir='ltr'><strong>Titius</strong></span> <span class='ocrx_word' id='word_1_253' title='bbox 661 2453 815 2524; x_wconf 85' lang='lat' dir='ltr'><strong>scripserit,</strong></span> <span class='ocrx_word' id='word_1_254' title='bbox 837 2452 917 2506; x_wconf 89' lang='lat' dir='ltr'><strong>buius</strong></span> <span class='ocrx_word' id='word_1_255' title='bbox 938 2453 1063 2525; x_wconf 91' lang='lat' dir='ltr'><strong>corporis</strong></span> <span class='ocrx_word' id='word_1_256' title='bbox 1084 2467 1139 2506; x_wconf 92' lang='lat' dir='ltr'><strong>non</strong></span> 
     </span>
     <span class='ocr_line' id='line_1_28' title="bbox 173 2528 1138 2609; baseline 0.005 -24"><span class='ocrx_word' id='word_1_257' title='bbox 173 2531 275 2601; x_wconf 85' lang='lat' dir='ltr'><strong>Titius,</strong></span> <span class='ocrx_word' id='word_1_258' title='bbox 297 2531 345 2586; x_wconf 91' lang='lat' dir='ltr'><strong>sed</strong></span> <span class='ocrx_word' id='word_1_259' title='bbox 360 2540 390 2586; x_wconf 91' lang='lat' dir='ltr'><strong>tu</strong></span> <span class='ocrx_word' id='word_1_260' title='bbox 406 2531 532 2586; x_wconf 93' lang='lat' dir='ltr'><strong>dominus</strong></span> <span class='ocrx_word' id='word_1_261' title='bbox 554 2549 613 2588; x_wconf 92' lang='lat' dir='ltr'><strong>esse</strong></span> <span class='ocrx_word' id='word_1_262' title='bbox 629 2528 793 2591; x_wconf 75' lang='lat' dir='ltr'><strong>videberis.8</strong></span> <span class='ocrx_word' id='word_1_263' title='bbox 829 2537 877 2592; x_wconf 90' lang='lat' dir='ltr'><strong>sed</strong></span> <span class='ocrx_word' id='word_1_264' title='bbox 892 2538 914 2590; x_wconf 90' lang='lat' dir='ltr'><strong>si</strong></span> <span class='ocrx_word' id='word_1_265' title='bbox 930 2553 944 2592; x_wconf 91' lang='lat' dir='ltr'><strong>a</strong></span> <span class='ocrx_word' id='word_1_266' title='bbox 960 2536 1031 2600; x_wconf 83' lang='lat' dir='ltr'><strong>Titio</strong></span> <span class='ocrx_word' id='word_1_267' title='bbox 1051 2542 1138 2609; x_wconf 85' lang='lat' dir='ltr'><strong>petas,</strong></span> 
     </span>
     <span class='ocr_line' id='line_1_29' title="bbox 173 2614 1139 2696; baseline 0.004 -26"><span class='ocrx_word' id='word_1_268' title='bbox 173 2623 235 2671; x_wconf 91' lang='lat' dir='ltr'><strong>tuos</strong></span> <span class='ocrx_word' id='word_1_269' title='bbox 251 2615 334 2671; x_wconf 91' lang='lat' dir='ltr'><strong>libros</strong></span> <span class='ocrx_word' id='word_1_270' title='bbox 352 2624 444 2671; x_wconf 77' lang='lat' dir='ltr'><strong>tuasne</strong></span> <span class='ocrx_word' id='word_1_271' title='bbox 459 2614 625 2672; x_wconf 89' lang='lat' dir='ltr'><strong>membranas</strong></span> <span class='ocrx_word' id='word_1_272' title='bbox 641 2635 718 2689; x_wconf 90' lang='lat' dir='ltr'><strong>esse,</strong></span> <span class='ocrx_word' id='word_1_273' title='bbox 740 2636 790 2675; x_wconf 91' lang='lat' dir='ltr'><strong>nec</strong></span> <span class='ocrx_word' id='word_1_274' title='bbox 816 2622 963 2694; x_wconf 88' lang='lat' dir='ltr'><strong>impensam</strong></span> <span class='ocrx_word' id='word_1_275' title='bbox 984 2621 1139 2696; x_wconf 88' lang='lat' dir='ltr'><strong>scripturae</strong></span> 
     </span>
     <span class='ocr_line' id='line_1_30' title="bbox 172 2701 1138 2778; baseline 0.003 -23"><span class='ocrx_word' id='word_1_276' title='bbox 172 2701 278 2755; x_wconf 82' lang='lat' dir='ltr'><strong>solvere</strong></span> <span class='ocrx_word' id='word_1_277' title='bbox 293 2708 403 2774; x_wconf 90' lang='lat' dir='ltr'><strong>paratus</strong></span> <span class='ocrx_word' id='word_1_278' title='bbox 418 2702 466 2770; x_wconf 88' lang='lat' dir='ltr'><strong>sis,</strong></span> <span class='ocrx_word' id='word_1_279' title='bbox 478 2702 581 2773; x_wconf 91' lang='lat' dir='ltr'><strong>poterit</strong></span> <span class='ocrx_word' id='word_1_280' title='bbox 592 2719 622 2756; x_wconf 88' lang='lat' dir='ltr'><strong>se</strong></span> <span class='ocrx_word' id='word_1_281' title='bbox 634 2703 720 2758; x_wconf 82' lang='lat' dir='ltr'><strong>Titius</strong></span> <span class='ocrx_word' id='word_1_282' title='bbox 730 2703 877 2760; x_wconf 84' lang='lat' dir='ltr'><strong>defendere</strong></span> <span class='ocrx_word' id='word_1_283' title='bbox 892 2722 941 2778; x_wconf 92' lang='lat' dir='ltr'><strong>per</strong></span> <span class='ocrx_word' id='word_1_284' title='bbox 952 2706 1138 2777; x_wconf 80' lang='lat' dir='ltr'><strong>exceptionem</strong></span> 
     </span>
     <span class='ocr_line' id='line_1_31' title="bbox 172 2783 1139 2858; baseline 0.005 -20"><span class='ocrx_word' id='word_1_285' title='bbox 172 2784 227 2840; x_wconf 86' lang='lat' dir='ltr'><strong>doli</strong></span> <span class='ocrx_word' id='word_1_286' title='bbox 243 2785 315 2853; x_wconf 89' lang='lat' dir='ltr'><strong>mali,</strong></span> <span class='ocrx_word' id='word_1_287' title='bbox 331 2786 426 2858; x_wconf 88' lang='lat' dir='ltr'><strong>utique</strong></span> <span class='ocrx_word' id='word_1_288' title='bbox 438 2786 461 2839; x_wconf 91' lang='lat' dir='ltr'><strong>si</strong></span> <span class='ocrx_word' id='word_1_289' title='bbox 475 2783 610 2842; x_wconf 89' lang='lat' dir='ltr'><strong>bonafide</strong></span> <span class='ocrx_word' id='word_1_290' title='bbox 626 2804 716 2842; x_wconf 91' lang='lat' dir='ltr'><strong>earum</strong></span> <span class='ocrx_word' id='word_1_291' title='bbox 729 2788 881 2843; x_wconf 88' lang='lat' dir='ltr'><strong>chartarum</strong></span> <span class='ocrx_word' id='word_1_292' title='bbox 890 2787 1139 2844; x_wconf 85' lang='lat' dir='ltr'><strong>membranarumve</strong></span> 
     </span>
    </p>

    <p class='ocr_par' dir='ltr' id='par_1_6' title="bbox 121 2871 1138 3030">
     <span class='ocr_line' id='line_1_32' title="bbox 121 2871 1138 2945; baseline -0.003 -17"><span class='ocrx_word' id='word_1_293' title='bbox 121 2879 155 2928; x_wconf 84' lang='grc'><strong>34</strong></span> <span class='ocrx_word' id='word_1_294' title='bbox 172 2871 373 2941; x_wconf 90' lang='lat' dir='ltr'><strong>possessionem</strong></span> <span class='ocrx_word' id='word_1_295' title='bbox 395 2877 509 2926; x_wconf 88' lang='lat' dir='ltr'><strong>nanctus</strong></span> <span class='ocrx_word' id='word_1_296' title='bbox 531 2878 582 2925; x_wconf 87' lang='lat' dir='ltr'><strong>est.</strong></span> <span class='ocrx_word' id='word_1_297' title='bbox 619 2871 646 2926; x_wconf 90' lang='lat' dir='ltr'><strong>Si</strong></span> <span class='ocrx_word' id='word_1_298' title='bbox 668 2872 728 2944; x_wconf 92' lang='lat' dir='ltr'><strong>quis</strong></span> <span class='ocrx_word' id='word_1_299' title='bbox 749 2873 777 2926; x_wconf 93' lang='lat' dir='ltr'><strong>in</strong></span> <span class='ocrx_word' id='word_1_300' title='bbox 797 2873 882 2928; x_wconf 79' lang='lat' dir='ltr'><strong>aliena</strong></span> <span class='ocrx_word' id='word_1_301' title='bbox 898 2872 987 2928; x_wconf 88' lang='lat' dir='ltr'><strong>tabula</strong></span> <span class='ocrx_word' id='word_1_302' title='bbox 1009 2872 1138 2945; x_wconf 73' lang='lat' dir='ltr'><strong>pinxerit,</strong></span> 
     </span>
     <span class='ocr_line' id='line_1_33' title="bbox 173 2949 1138 3030; baseline 0.004 -24"><span class='ocrx_word' id='word_1_303' title='bbox 173 2952 280 3024; x_wconf 86' lang='lat' dir='ltr'><strong>quidam</strong></span> <span class='ocrx_word' id='word_1_304' title='bbox 296 2960 393 3024; x_wconf 89' lang='lat' dir='ltr'><strong>putant</strong></span> <span class='ocrx_word' id='word_1_305' title='bbox 409 2952 525 3009; x_wconf 89' lang='lat' dir='ltr'><strong>tabulam</strong></span> <span class='ocrx_word' id='word_1_306' title='bbox 541 2956 662 3027; x_wconf 91' lang='lat' dir='ltr'><strong>picturae</strong></span> <span class='ocrx_word' id='word_1_307' title='bbox 678 2955 788 3011; x_wconf 87' lang='lat' dir='ltr'><strong>cedere:</strong></span> <span class='ocrx_word' id='word_1_308' title='bbox 805 2957 863 3012; x_wconf 87' lang='lat' dir='ltr'><strong>aliis</strong></span> <span class='ocrx_word' id='word_1_309' title='bbox 878 2957 986 3012; x_wconf 90' lang='lat' dir='ltr'><strong>videtur</strong></span> <span class='ocrx_word' id='word_1_310' title='bbox 1001 2949 1138 3030; x_wconf 76' lang='lat' dir='ltr'><strong>pictura‚⁴</strong></span> 
     </span>
    </p>
   </div>
   <div class='ocr_carea' id='block_1_3' title="bbox 170 3199 1138 3536">
    <p class='ocr_par' dir='ltr' id='par_1_7' title="bbox 170 3199 1138 3536">
     <span class='ocr_line' id='line_1_34' title="bbox 241 3199 1138 3267; baseline 0.004 -17"><span class='ocrx_word' id='word_1_311' title='bbox 241 3199 260 3264; x_wconf 88' lang='lat'><strong>¹)</strong></span> <span class='ocrx_word' id='word_1_312' title='bbox 278 3203 316 3251; x_wconf 83' lang='lat' dir='ltr'><strong>sic</strong></span> <span class='ocrx_word' id='word_1_313' title='bbox 334 3203 410 3252; x_wconf 86' lang='lat' dir='ltr'><strong>codd.</strong></span> <span class='ocrx_word' id='word_1_314' title='bbox 429 3203 510 3267; x_wconf 82' lang='lat' dir='ltr'><strong>aliqui</strong></span> <span class='ocrx_word' id='word_1_315' title='bbox 526 3203 606 3264; x_wconf 82' lang='lat' dir='ltr'><strong>inser.</strong></span> <span class='ocrx_word' id='word_1_316' title='bbox 627 3201 743 3252; x_wconf 85' lang='lat' dir='ltr'><strong>dicimus</strong></span> <span class='ocrx_word' id='word_1_317' title='bbox 761 3219 796 3253; x_wconf 71' lang='lat' dir='ltr'><strong>esc</strong></span> <span class='ocrx_word' id='word_1_318' title='bbox 813 3206 889 3259; x_wconf 85' lang='lat' dir='ltr'><strong>codd.</strong></span> <span class='ocrx_word' id='word_1_319' title='bbox 912 3212 960 3255; x_wconf 85' lang='lat' dir='ltr'><strong>oet.</strong></span> <span class='ocrx_word' id='word_1_320' title='bbox 985 3205 1044 3254; x_wconf 85' lang='lat' dir='ltr'><strong>edd.</strong></span> <span class='ocrx_word' id='word_1_321' title='bbox 1063 3205 1138 3254; x_wconf 76' lang='lat' dir='ltr'><strong>Scir.</strong></span> 
     </span>
     <span class='ocr_line' id='line_1_35' title="bbox 172 3267 1138 3336; baseline 0.001 -17"><span class='ocrx_word' id='word_1_322' title='bbox 172 3276 198 3319; x_wconf 88' lang='lat' dir='ltr'><strong>et</strong></span> <span class='ocrx_word' id='word_1_323' title='bbox 215 3269 265 3318; x_wconf 88' lang='lat' dir='ltr'><strong>Kr.</strong></span> <span class='ocrx_word' id='word_1_324' title='bbox 336 3267 357 3330; x_wconf 65' lang='grc'><strong>2)</strong></span> <span class='ocrx_word' id='word_1_325' title='bbox 377 3270 416 3332; x_wconf 68' lang='lat'><strong>55.</strong></span> <span class='ocrx_word' id='word_1_326' title='bbox 437 3271 478 3321; x_wconf 77' lang='lat'><strong>32.</strong></span> <span class='ocrx_word' id='word_1_327' title='bbox 496 3271 538 3320; x_wconf 84' lang='lat'><strong>33.</strong></span> <span class='ocrx_word' id='word_1_328' title='bbox 555 3271 615 3332; x_wconf 81' lang='lat' dir='ltr'><strong>sere</strong></span> <span class='ocrx_word' id='word_1_329' title='bbox 632 3291 666 3310; x_wconf 84' lang='lat'>=</span> <span class='ocrx_word' id='word_1_330' title='bbox 683 3271 743 3320; x_wconf 81' lang='lat' dir='ltr'><strong>L.9</strong></span> <span class='ocrx_word' id='word_1_331' title='bbox 759 3287 803 3335; x_wconf 85' lang='lat' dir='ltr'><strong>pr.</strong></span> <span class='ocrx_word' id='word_1_332' title='bbox 821 3272 845 3332; x_wconf 71' lang='grc' dir='ltr'><strong>ἕ.</strong></span> <span class='ocrx_word' id='word_1_333' title='bbox 864 3274 887 3319; x_wconf 95' lang='grc'><strong>1.</strong></span> <span class='ocrx_word' id='word_1_334' title='bbox 906 3271 940 3324; x_wconf 88' lang='lat' dir='ltr'><strong>D.</strong></span> <span class='ocrx_word' id='word_1_335' title='bbox 959 3274 991 3322; x_wconf 84' lang='lat' dir='ltr'><strong>de</strong></span> <span class='ocrx_word' id='word_1_336' title='bbox 1009 3287 1067 3336; x_wconf 83' lang='lat' dir='ltr'><strong>aeq.</strong></span> <span class='ocrx_word' id='word_1_337' title='bbox 1086 3288 1138 3321; x_wconf 77' lang='lat' dir='ltr'><strong>rer,</strong></span> 
     </span>
     <span class='ocr_line' id='line_1_36' title="bbox 172 3333 1138 3403; baseline 0.002 -17"><span class='ocrx_word' id='word_1_338' title='bbox 172 3338 237 3386; x_wconf 87' lang='lat' dir='ltr'><strong>dom.</strong></span> <span class='ocrx_word' id='word_1_339' title='bbox 252 3337 303 3400; x_wconf 77' lang='lat'><strong>(41,</strong></span> <span class='ocrx_word' id='word_1_340' title='bbox 319 3334 343 3398; x_wconf 83' lang='lat'><strong>1)</strong></span> <span class='ocrx_word' id='word_1_341' title='bbox 357 3352 392 3386; x_wconf 70' lang='lat' dir='ltr'><strong>ecc</strong></span> <span class='ocrx_word' id='word_1_342' title='bbox 406 3337 464 3387; x_wconf 83' lang='lat' dir='ltr'><strong>Gaii</strong></span> <span class='ocrx_word' id='word_1_343' title='bbox 473 3339 489 3386; x_wconf 89' lang='grc'><strong>1.</strong></span> <span class='ocrx_word' id='word_1_344' title='bbox 501 3339 517 3386; x_wconf 77' lang='lat'>2</span> <span class='ocrx_word' id='word_1_345' title='bbox 529 3352 583 3387; x_wconf 85' lang='lat' dir='ltr'><strong>rer.</strong></span> <span class='ocrx_word' id='word_1_346' title='bbox 594 3346 661 3402; x_wconf 84' lang='lat' dir='ltr'><strong>quot.</strong></span> <span class='ocrx_word' id='word_1_347' title='bbox 698 3333 832 3403; x_wconf 83' lang='lat' dir='ltr'><strong>³)scripsi.</strong></span> <span class='ocrx_word' id='word_1_348' title='bbox 845 3338 949 3389; x_wconf 88' lang='lat' dir='ltr'><strong>videris</strong></span> <span class='ocrx_word' id='word_1_349' title='bbox 963 3339 995 3398; x_wconf 87' lang='grc' dir='ltr'><strong>Τ,</strong></span> <span class='ocrx_word' id='word_1_350' title='bbox 1007 3337 1138 3388; x_wconf 86' lang='lat' dir='ltr'><strong>iudiceris</strong></span> 
     </span>
     <span class='ocr_line' id='line_1_37' title="bbox 171 3403 1138 3470; baseline 0.004 -18"><span class='ocrx_word' id='word_1_351' title='bbox 171 3403 224 3452; x_wconf 84' lang='lat' dir='ltr'><strong>AB</strong></span> <span class='ocrx_word' id='word_1_352' title='bbox 242 3405 301 3457; x_wconf 86' lang='lat' dir='ltr'><strong>edd.</strong></span> <span class='ocrx_word' id='word_1_353' title='bbox 320 3403 394 3456; x_wconf 79' lang='lat' dir='ltr'><strong>Scbr.</strong></span> <span class='ocrx_word' id='word_1_354' title='bbox 413 3411 438 3454; x_wconf 88' lang='lat' dir='ltr'><strong>et</strong></span> <span class='ocrx_word' id='word_1_355' title='bbox 456 3405 506 3454; x_wconf 86' lang='lat' dir='ltr'><strong>Kr.</strong></span> <span class='ocrx_word' id='word_1_356' title='bbox 525 3420 561 3454; x_wconf 90' lang='lat' dir='ltr'><strong>sc.</strong></span> <span class='ocrx_word' id='word_1_357' title='bbox 579 3406 676 3467; x_wconf 82' lang='lat' dir='ltr'><strong>sactum</strong></span> <span class='ocrx_word' id='word_1_358' title='bbox 693 3405 740 3455; x_wconf 85' lang='lat' dir='ltr'><strong>boc</strong></span> <span class='ocrx_word' id='word_1_359' title='bbox 758 3421 794 3455; x_wconf 69' lang='lat' dir='ltr'><strong>etc</strong></span> <span class='ocrx_word' id='word_1_360' title='bbox 805 3406 956 3456; x_wconf 85' lang='lat' dir='ltr'><strong>uideberis.</strong></span> <span class='ocrx_word' id='word_1_361' title='bbox 975 3409 1051 3457; x_wconf 82' lang='lat' dir='ltr'><strong>etiam</strong></span> <span class='ocrx_word' id='word_1_362' title='bbox 1064 3407 1138 3470; x_wconf 58' lang='lat' dir='ltr'><strong>Diffi:</strong></span> 
     </span>
     <span class='ocr_line' id='line_1_38' title="bbox 170 3469 949 3536; baseline 0.008 -19"><span class='ocrx_word' id='word_1_363' title='bbox 170 3470 353 3535; x_wconf 84' lang='lat' dir='ltr'><strong>intellegeris.</strong></span> <span class='ocrx_word' id='word_1_364' title='bbox 423 3469 444 3535; x_wconf 80' lang='lat'><strong>⁴)</strong></span> <span class='ocrx_word' id='word_1_365' title='bbox 463 3472 597 3536; x_wconf 82' lang='lat' dir='ltr'><strong>picturam</strong></span> <span class='ocrx_word' id='word_1_366' title='bbox 616 3475 655 3524; x_wconf 86' lang='lat' dir='ltr'><strong>ed.</strong></span> <span class='ocrx_word' id='word_1_367' title='bbox 676 3473 726 3523; x_wconf 89' lang='lat' dir='ltr'><strong>Kr.</strong></span> <span class='ocrx_word' id='word_1_368' title='bbox 745 3474 820 3526; x_wconf 81' lang='lat' dir='ltr'><strong>codd.</strong></span> <span class='ocrx_word' id='word_1_369' title='bbox 838 3475 949 3523; x_wconf 64' lang='lat' dir='ltr'><strong>vomant.</strong></span> 
     </span>
    </p>
   </div>
   <div class='ocr_carea' id='block_1_4' title="bbox 0 0 1248 3916">
    <p class='ocr_par' dir='ltr' id='par_1_8' title="bbox 0 0 1248 3916">
     <span class='ocr_line' id='line_1_39' title="bbox 0 0 1248 3916; baseline 0 3"><span class='ocrx_word' id='word_1_370' title='bbox 0 0 1248 3916; x_wconf 95' lang='lat' dir='ltr'><strong> </strong></span> 
     </span>
    </p>
   </div>
  </div>
 </body>
</html>
