2464 3916
218 202 278 268 148
503 217 539 252 na
559 217 693 252 ursmaro
711 203 762 266 Ill,
783 203 815 252 26
835 201 899 267 (at).

216 369 340 416 auctores
356 368 430 414 recte
454 367 481 414 te
497 358 632 432 usquead
648 368 757 415 eentum
773 375 868 414 aureos
884 367 1004 414 acturum
1019 359 1174 414 existimant:
1210 353 1211 400 l

216 461 284 518 quae
305 444 439 500 sententia
461 460 525 500 sane
546 443 690 517 benignior
711 451 762 500 est.
808 441 923 517 quodsi
944 443 1052 498 minoris
1077 445 1175 511 emeris,
1210 503 1211 506 Ἴ

217 527 326 584 babebis
341 528 446 584 scilicet
460 545 521 584 cum
537 545 570 584 eo
586 530 734 600 actionem,
751 529 876 604 quoniam
892 529 938 601 qui
952 527 1072 597 mandat,
1089 535 1120 581 ut
1136 527 1175 582 sibi

216 621 323 668 centum
340 606 502 669 aureorum¹
523 612 625 668 fundus
641 621 791 684 emeretur,
808 614 830 667 is
846 614 939 686 utique
954 611 1092 668 mandasse
1108 612 1176 666 intel·

216 698 334 772 legitur,
351 704 381 753 ut
397 699 524 768 minoris,
540 699 563 754 si
577 699 681 771 possit,
697 705 840 754 emeretur.

182 793 198 840 o
280 775 381 838 ²lleote
402 797 513 858 quoque
533 781 686 838 mandatum
702 789 886 854 contractum,
908 783 946 854 si,
966 781 1029 837 dum
1044 781 1134 837 adhuc
1147 782 1177 836 in·

167 877 199 925 10
217 875 294 942 tegra
310 883 353 922 res
369 868 421 937 sit,
442 873 599 923 revocatum
622 867 720 938 luerit,
742 868 885 922 evanescit.
926 866 992 922 ltem
1006 868 1029 922 si
1045 865 1134 922 adbuc
1148 868 1177 920 iu·

216 961 296 1026 tegre
318 949 444 1007 mandato
465 968 538 1007 mors
560 951 716 1008 alterutrius
742 952 917 1023 interveniat,
944 951 970 1006 id
991 958 1034 1007 est
1053 951 1097 1006 sel
1120 953 1176 1018 eius,

217 1038 263 1110 qui
284 1035 462 1108 mandaverit,
483 1035 527 1092 vel
547 1037 621 1108 eius,
648 1037 694 1110 qui
714 1036 866 1092 mandatum
887 1035 1050 1110 susceperit,
1071 1037 1178 1091 solvitur

217 1121 382 1176 mandatum.
427 1119 475 1177 sed
497 1119 621 1176 utilitatis
643 1137 721 1177 causa
742 1127 882 1195 receptum
897 1129 952 1191 est,
973 1123 997 1176 si
1017 1130 1129 1176 mortuo
1144 1137 1177 1176 eo.

217 1207 263 1278 qui
284 1204 333 1260 tibi
354 1205 534 1275 mandaverit,
556 1211 587 1261 tu
608 1207 753 1280 ignorans,
774 1221 836 1260 eum
857 1205 1020 1276 decessisse,
1042 1215 1177 1261 essecutus

216 1289 306 1345 lueras
333 1289 502 1362 mandatum,
528 1307 610 1364 posse
632 1298 659 1346 te
679 1307 760 1366 agere
781 1290 898 1346 mandati
922 1283 1040 1346 actione:
1066 1290 1177 1364 alioquin

216 1376 286 1430 iusta
312 1381 340 1430 et
365 1373 512 1450 probabilis
537 1376 689 1448 ignorantia
714 1375 839 1431 damnum
863 1374 910 1431 tibi
936 1374 1035 1430 allerat.
1077 1385 1105 1430 et
1125 1376 1177 1429 lruir

216 1459 303 1516 simile
319 1467 375 1530 est,
396 1459 471 1532 quod
485 1459 602 1534 placuit,
624 1461 646 1515 si
667 1459 804 1516 debitores
819 1461 983 1516 manumisso
999 1458 1176 1533 dispensatore

217 1543 278 1600 Titii
295 1559 344 1617 per
358 1545 538 1618 ignorantiam
559 1544 657 1600 liberto
672 1545 820 1613 solverint,
841 1543 947 1600 liberari
962 1561 1023 1600 eos:
1045 1561 1107 1600 cum
1122 1544 1176 1598 alio·

218 1630 283 1700 quin
298 1629 391 1683 strieta
405 1629 472 1684 iuris
487 1631 592 1684 ratione
606 1645 662 1686 uon
677 1637 790 1703 possent
810 1627 933 1701 liberari,
955 1630 1017 1702 quia
1032 1628 1078 1684 alii
1092 1629 1176 1684 soluis-

168 1719 197 1768 11
217 1718 294 1780 seut,
317 1727 396 1782 quam
417 1713 459 1766 cui
475 1713 581 1768 solvere
596 1711 747 1770 debuerint.
793 1705 961 1770 3blandatum
977 1729 1033 1769 non
1048 1716 1175 1786 suscipere

217 1793 329 1850 liberum
351 1801 407 1848 est:
429 1804 588 1868 susceptum
608 1805 697 1852 autem
718 1797 957 1854 consummandum
972 1807 1018 1853 aut
1039 1815 1115 1872 quam
1128 1799 1176 1870 pri·

218 1894 289 1932 mum
315 1878 524 1934 renuntiandum
550 1888 606 1950 est,
637 1889 667 1936 ut
694 1891 740 1939 aut
768 1899 819 1957 per
843 1890 928 1939 semet
952 1884 1042 1956 ipsum
1069 1891 1109 1946 aut
1130 1897 1176 1955 per

215 1962 296 2018 alium
312 1961 424 2018 eandem
440 1979 496 2020 rem
512 1965 653 2021 mandator
667 1976 839 2041 exsequatur.
878 1984 937 2023 nam
958 1969 1016 2023 nisi
1031 1969 1068 2022 ita
1087 1983 1176 2022 renuu-

217 2049 314 2120 tiatur,
336 2055 368 2103 ut
387 2048 493 2123 integra
510 2065 589 2106 causa
605 2051 754 2107 mandatori
774 2059 928 2108 reservetur
943 2052 1054 2108 eandem
1069 2069 1123 2108 rem
1137 2067 1174 2106 er·

215 2131 347 2206 plicandi,
369 2133 454 2190 nihilo
470 2136 558 2190 minus
574 2136 690 2191 mandati
704 2138 774 2193 actio
789 2137 878 2193 locum
894 2136 988 2207 babet,
1009 2138 1062 2192 nisi
1077 2139 1099 2191 si
1112 2138 1174 2190 iusta

216 2233 297 2272 eausa
318 2218 473 2274 intercessit
494 2228 540 2274 aut
561 2235 616 2275 non
631 2219 803 2276 renuntiandi
819 2229 864 2276 aut
883 2222 1071 2296 intempestive
1085 2237 1174 2276 renun-

217 2300 309 2356 tiandi.

165 2395 197 2441 12
279 2383 430 2438 blandaturu
446 2393 474 2439 et
488 2387 516 2440 iu
533 2387 601 2442 diem
618 2388 718 2445 dilierri
731 2399 758 2445 et
772 2389 823 2446 sub
838 2390 996 2446 condicione
1011 2389 1071 2446 lieri
1084 2397 1175 2464 potest.

165 2479 197 2525 13
214 2466 243 2522 ln
269 2483 372 2522 summa
398 2468 537 2524 sciendum
558 2479 615 2543 est,
641 2474 810 2546 mandatum,
835 2476 886 2530 nisi
912 2477 1061 2549 gratuitum
1082 2476 1126 2544 sit,
1149 2475 1173 2528 in
1212 2491 1213 2526 t

214 2549 289 2605 aliam
306 2549 418 2606 lormam
433 2555 537 2627 negotii
558 2554 667 2612 cadere:
687 2575 748 2614 nam
769 2557 892 2615 mercede
908 2561 1072 2632 constituta,
1092 2559 1173 2631 incipit
1212 2527 1213 2568 ¹

213 2634 313 2691 locatio
329 2642 357 2690 et
371 2635 517 2693 conductio
532 2655 603 2696 esse.
639 2649 666 2697 et
681 2651 711 2698 ut
727 2643 892 2717 generaliter
906 2643 1066 2700 dixerimus:
1086 2643 1172 2718 quibus

213 2719 334 2790 casibus,
356 2722 415 2776 sine
435 2723 559 2778 mercede
579 2734 707 2800 suscepto
729 2727 835 2798 olfieio,
864 2728 980 2785 mandati
1001 2735 1047 2784 aut
1067 2727 1173 2802 depositi

212 2805 383 2860 contrahitur
398 2807 556 2879 negotium,
572 2807 613 2864 his
629 2810 750 2883 casibus,
772 2814 968 2869 interveniente
984 2812 1119 2884 mercede,
1136 2811 1172 2865 lo·

212 2887 282 2941 catio
298 2895 325 2942 et
341 2889 486 2944 conductio
503 2893 626 2949 contrahi
641 2896 821 2970 intellegitur.
859 2904 887 2953 et
901 2897 962 2954 ideo
978 2899 1000 2953 si
1016 2897 1111 2954 lulloni
1128 2912 1173 2969 po-

211 2967 299 3024 lienda
320 2971 469 3030 curandave
490 2977 649 3033 vestimenta
670 2979 777 3036 dederis
798 2983 1015 3038 autsareinatori
1036 2980 1170 3047 sarcienda,

210 3051 285 3192 ntrtlla
311 3054 434 3111 mercede
460 3061 608 3116 constituta
633 3079 722 3136 neque
742 3067 890 3138 promissa,
916 3065 1034 3122 mandati
1054 3064 1170 3138 competit

210 3153 239 3192 ac
254 3153 287 3192 ro.

281 3281 300 3350 ¹)
319 3301 369 3336 non
381 3280 523 3368 metendum
537 3292 628 3340 eureis
647 3309 682 3342 ex
696 3294 775 3349 Gaio:
793 3311 850 3346 aare
867 3296 903 3360 ef.
922 3299 955 3348 de
972 3299 1020 3349 ltoo
1035 3298 1166 3349 Graeciam

210 3350 233 3407 ἓ.
252 3353 287 3402 3·.
308 3352 331 3402 1,
350 3353 417 3417 quob.
443 3356 509 3404 mod.
535 3361 596 3406 solu.
620 3359 668 3411 obl.
689 3361 722 3423 (3,
741 3362 794 3425 29).
880 3363 901 3427 ²)
920 3366 958 3427 ἕξ.
978 3368 1003 3417 9.
1023 3368 1054 3416 10
1068 3367 1122 3428 fere
1137 3381 1167 3401 =

212 3415 268 3464 aaa.
288 3421 312 3476 a,
333 3421 389 3473 rae.
409 3422 467 3470 1oo.
519 3421 539 3483 ³)
556 3425 644 3474 samara
661 3435 699 3476 aa
717 3428 749 3478 s.
767 3431 809 3480 ee.
828 3431 852 3491 5.
873 3433 914 3486 11.
933 3434 966 3487 n.
985 3434 1067 3484 mana.
1086 3432 1131 3495 (ra,
1142 3428 1165 3488 1)

210 3493 246 3527 esc
263 3483 349 3533 Paulli
365 3489 381 3536 l.
400 3489 433 3537 32
451 3489 487 3537 ed
503 3490 545 3538 ed.
