2464 3916
188 197 269 261 .178
527 215 562 248 nn
582 213 754 250 terreamus
772 201 819 263 IV,
838 201 863 250 o,

207 372 262 430 quo
278 355 423 428 stipulatus
440 363 491 410 est.
530 361 670 428 praeterea
684 357 707 412 si
723 357 783 429 quis
798 357 963 430 generaliter
978 357 1105 414 hominem
1117 361 1157 415 sti-

206 436 315 516 pulatus
337 440 372 494 sit
394 447 422 496 et
442 439 595 514 specialiter
609 439 730 496 Stichum
746 449 835 514 petat,
852 450 898 497 aut
910 442 1070 516 generaliter
1082 445 1156 499 vinum

207 522 368 596 stipulatus,
384 523 539 598 specialiter
554 522 714 597 Campanum
730 533 819 598 petat,
836 535 882 582 aut
898 525 1061 600 generaliter
1074 543 1158 601 purpu-

205 625 260 664 ram
274 607 422 681 stipulatus
437 609 489 679 sit,
505 607 601 663 deinde
616 608 768 682 specialiter
783 609 889 684 'lyriam
905 618 994 684 petat:
1009 611 1068 683 plus
1083 620 1159 684 petere

205 692 392 766 intellegitur,
409 693 471 766 quia
482 692 643 748 electionem
657 693 810 750 adversario
826 695 914 764 tollit,
935 696 981 750 cui
996 693 1159 768 stipulationis

205 778 265 832 iure
280 776 395 832 liberum
422 776 473 832 luit
494 777 567 832 aliud
587 777 709 848 solvere,
736 795 815 851 quam
831 779 904 852 quod
919 787 1071 852 peteretur.
1108 781 1159 852 quin

207 862 285 917 etiarn
302 861 366 916 licet
382 859 541 916 vilissimum
556 863 609 933 sit,
632 861 705 936 quod
721 863 781 936 quis
802 871 892 936 petat,
913 863 1000 919 nilrilo
1013 865 1098 919 miuus
1112 863 1161 936 plus

206 954 300 1020 petere
320 945 506 1019 intellegitur,
528 947 590 1018 quia
610 963 690 1020 saepe
710 946 821 1018 accidit,
843 955 873 1003 ut
892 949 1055 1022 promissori
1075 947 1162 1003 facilius

155 1035 201 1084 83⁸
209 1031 245 1088 sit
265 1029 333 1086 illud
353 1030 475 1101 solvere,
502 1029 575 1103 quod
601 1032 709 1086 maioris
730 1032 810 1104 pretii
830 1041 881 1088 est.
919 1031 973 1087 Sed
991 1032 1057 1088 haec
1071 1031 1162 1105 quidem

207 1123 283 1171 autea
298 1116 327 1170 in
342 1131 393 1170 usu
415 1114 531 1170 lucrant.
562 1124 657 1188 postca
677 1125 766 1170 autem
787 1116 831 1171 lex
851 1117 1004 1172 Zenoniana
1026 1125 1054 1172 et
1067 1108 1161 1172 nostra¹
1203 1153 1204 1202 ,

206 1215 263 1255 rem
279 1200 425 1270 coartavit,
441 1201 507 1254 etsi
523 1199 631 1272 quidem
647 1207 769 1273 tempore
790 1200 851 1274 plus
868 1201 950 1256 luerit
966 1203 1097 1274 petitum,
1111 1199 1162 1272 quid
1203 1209 1204 1248 t

206 1283 290 1338 statui
311 1291 437 1356 oportet,
458 1284 573 1340 Zenonis
595 1283 670 1340 divae
692 1285 835 1340 memoriae
856 1285 981 1358 loquitur
1003 1286 1161 1340 constitutio:
1203 1325 1204 1354 ,

206 1369 353 1424 sinautem
369 1370 519 1442 quantitate
540 1369 581 1424 vel
596 1367 649 1423 alio
664 1368 745 1424 modo
761 1369 822 1442 plus
838 1369 920 1425 luerit
935 1371 1068 1442 petitum,
1089 1385 1161 1436 omne,
1203 1381 1204 1436 l

206 1451 311 1526 siquid
336 1452 408 1508 lorte
434 1452 558 1508 damnum
585 1461 615 1508 ut
635 1453 663 1508 in
679 1454 810 1526 sportulis
836 1469 868 1510 ex
894 1454 1040 1524 haccausa
1055 1453 1163 1510 acciderit
1203 1453 1204 1456 ’

207 1531 266 1608 ei,²
292 1546 386 1594 contra
413 1553 493 1610 quem
519 1536 580 1610 plus
607 1539 721 1610 petitum
742 1537 841 1607 luerit,
868 1540 1013 1594 commissa
1029 1538 1098 1612 tripli
1111 1553 1162 1593 cou-

156 1624 189 1674 34
208 1621 396 1692 demnatione,
418 1623 489 1677 sicut
509 1621 743 1696 supradiximus,
765 1624 902 1695 puniatur.
941 1622 970 1679 Si
992 1625 1082 1678 minus
1095 1623 1162 1677 inin·

207 1707 329 1761 tentione
355 1706 512 1779 complexus
540 1706 621 1760 luerit
648 1714 738 1778 actor,
765 1723 845 1779 quam
870 1707 902 1762 ad
929 1724 993 1763 cum
1020 1709 1160 1781 pertineret,

207 1789 289 1844 veluti
305 1789 344 1858 si,
360 1806 420 1845 eum
436 1791 461 1844 ei
476 1790 568 1844 decem
584 1788 762 1862 deberentur,
779 1793 899 1865 quinque
913 1791 965 1848 sibi
980 1792 1038 1848 dari
1053 1799 1162 1865 oportere

121 1909 127 1921 ·
207 1871 368 1944 intenderit,
389 1879 435 1927 aut
450 1889 511 1928 cum
527 1880 602 1928 totus
618 1873 720 1930 fundus
736 1877 795 1930 elus
811 1885 900 1948 esset,
922 1884 1029 1950 partem
1045 1875 1161 1931 dimidiam

207 1973 283 2013 suam
298 1972 359 2012 esse
374 1958 498 2031 potierit,
514 1958 573 2014 sinc
588 1959 709 2032 periculo
725 1961 795 2034 agit:
811 1962 839 2016 in
853 1961 987 2033 reliquum
1008 1961 1078 2016 enim
1093 1958 1161 2014 nihilo

191 2039 295 2098 'minus
311 2041 390 2098 iudea
407 2041 587 2098 adversarium
596 2045 626 2098 iu
642 2043 738 2100 codem
753 2044 853 2100 iudicio
870 2039 1055 2101 condemnat³
1069 2061 1099 2100 ex
1112 2059 1162 2098 cou-

157 2131 190 2181 35
208 2128 350 2184 stitutione
366 2127 441 2183 divae
456 2129 600 2184 memoriae
615 2128 740 2184 Zenonis.
784 2128 812 2185 Si
833 2131 894 2202 quis
916 2129 987 2186 aliud
1004 2146 1056 2204 pro
1072 2128 1119 2184 alio
1132 2127 1162 2180 in·

208 2212 342 2283 teuderit,
369 2211 436 2268 nihil
463 2229 524 2268 earm
548 2212 695 2286 periclitari
716 2213 821 2286 placet,
848 2213 896 2270 sed
922 2215 951 2268 in
967 2215 1064 2291 codem
1079 2211 1162 2268 iudicio

208 2298 317 2371 cognita
333 2299 445 2354 veritate
460 2313 581 2353 errorem
595 2313 675 2352 suum
691 2298 830 2370 corrigere
846 2300 871 2354 ei
885 2299 1079 2372 permittimus,
1093 2293 1161 2351 veluti

208 2382 231 2436 si
246 2383 286 2451 is,
313 2382 359 2454 qui
375 2382 510 2438 hominem
526 2382 647 2438 Stichum
668 2390 761 2456 petere
777 2381 901 2445 deberet,
926 2381 1038 2439 Erotem
1060 2380 1162 2455 petierit,

208 2472 255 2520 aut
275 2466 374 2537 siquis
397 2481 429 2520 cn
450 2473 614 2522 testamento
635 2466 687 2522 sibi
702 2466 758 2522 dari
775 2474 904 2540 oportere
917 2467 1082 2537 intenderit,
1102 2460 1162 2538 quod
1204 2499 1205 2538 ,

208 2565 240 2604 ex
255 2548 387 2622 stipulatu
401 2548 524 2605 debetur.
1204 2547 1205 2622 ζ

156 2635 191 2685 36
273 2632 342 2689 Sunt
367 2643 506 2708 praeterea
532 2635 662 2708 quaedam
682 2637 817 2707 actiones,
843 2635 940 2709 quihus
965 2652 1021 2694 nou
1050 2632 1162 2700 solidum,
1204 2625 1205 2634 ’

209 2718 282 2792 quod
298 2717 413 2775 debetur
433 2717 526 2789 uobis,
547 2721 751 2794 persequimur,
772 2720 820 2776 sed
841 2720 921 2776 modo
943 2719 1062 2776 solidum
1082 2731 1163 2774 conse·

209 2805 331 2876 quimnr,
358 2803 439 2859 modo
464 2805 562 2859 minus.
602 2811 632 2860 ut
657 2821 720 2861 eece
746 2806 769 2860 si
794 2805 821 2860 in
848 2805 984 2879 peculium
1006 2801 1054 2860 filii
1073 2801 1162 2859 servire
1204 2801 1205 2814 ³

278 3083 297 3147 ¹)
316 3087 347 3136 L.
368 3087 391 3136 l.
410 3089 434 3140 2.
455 3087 482 3137 0.
502 3089 534 3138 dc
551 3091 608 3152 plus
623 3089 698 3152 petit.
719 3087 752 3152 (3,
773 3086 825 3155 to).
902 3086 923 3152 ²)
941 3087 1068 3138 damnum
1141 3084 1161 3130 ei

208 3156 245 3205 sio
263 3151 370 3230 BWssb
388 3153 441 3205 καί
450 3171 495 3234 τις,
506 3148 647 3232 detrudere
660 3153 748 3222 ζημία
759 3153 854 3222 συμβῇ
867 3154 905 3223 τῷ
924 3148 1095 3222 ἐναγομένῳ,
1109 3145 1161 3202 οἷον

209 3223 401 3304 earpproutmo·
411 3223 555 3303 nlsrovma
571 3221 651 3282 δοσις
672 3223 783 3287 Tteopa.
803 3227 929 3274 damnum
940 3261 955 3302 .·
966 3261 991 3276 ..
1011 3225 1037 3273 ei
1055 3225 1083 3272 in
1099 3232 1161 3284 spor·

208 3289 274 3406 {2¹32
288 3291 378 3414 ,ἷζὶἐὲῖ
393 3291 1039 3424 &dimidiati§f'aifiafff'ailii'aiifi‘
1055 3290 1160 3408 iiiii?

210 3425 311 3485 quando
328 3427 421 3475 omisso
439 3435 535 3478 essent.
556 3440 590 3474 ecc
607 3426 751 3474 melioribus
768 3425 841 3476 tibris
853 3429 960 3477 diversis
977 3428 1042 3478 locis
1057 3426 1161 3490 suppleta

205 3503 273 3538 esse.
342 3489 363 3554 ⁸)
382 3493 451 3543 EW
469 3491 580 3556 Tdcoplr.
599 3492 625 3540 ei
645 3492 722 3546 cond.
742 3491 767 3542 B
785 3502 810 3545 et
828 3497 928 3560 quidam
945 3496 1022 3559 inser.
1042 3495 1081 3546 cd.
1096 3489 1160 3542 Solu.
