2486 3916
199 217 240 283 68
382 230 417 266 ns
436 226 674 266 nxnnannurxous
695 225 861 262 nasasoanu
879 212 916 276 ΙΙ,
936 213 977 262 13.

200 375 363 448 arignatione
383 373 585 428 nanciscuntur.
627 385 661 424 ne
687 385 755 443 ergo
776 385 808 424 eo
836 367 917 423 modo
944 375 1082 440 rumpatur
1104 367 1152 421 eius

201 465 408 528 testamentum,
434 457 505 512 sicut
524 457 613 529 ipsum
637 451 721 510 lilium
741 452 784 509 vel
808 451 936 508 heredem
960 451 1101 507 instituere
1118 451 1153 505 vel

199 543 359 601 nominatim
374 540 538 597 exheredare
553 538 635 596 dehet
649 545 781 609 testator,
797 553 832 594 ne
847 553 903 592 uon
917 537 976 591 inre
991 535 1071 591 iaciat
1084 542 1154 590 testa·

200 635 338 698 ruentum,
359 628 396 682 ita
415 633 444 681 et
463 631 591 700 nepotem
610 630 753 698 neptemve
774 639 807 678 ex
826 619 883 677 lilio
904 636 1015 678 necesse
1031 627 1073 676 est
1086 620 1109 676 ei
1120 619 1155 674 ael

200 711 328 768 heredem
342 712 488 768 instituere
502 709 546 767 vel
560 708 739 778 exheredare,
753 721 789 764 ne
803 706 886 778 iorte,
901 709 961 764 vivo
977 721 1011 763 eo
1027 703 1082 762 lilio
1095 721 1155 760 mor·

202 806 265 868 tuo,
287 795 457 853 succedendo
477 796 506 850 in
526 793 618 851 locum
638 794 697 850 eius
717 809 805 866 nepos
824 792 947 866 neptisve
972 791 1051 865 quasi
1071 788 1155 863 adgna-

201 883 274 938 tione
292 887 421 954 rumpant
440 885 641 935 testamentum.
676 877 759 952 idque
773 876 835 952 lege
850 869 944 932 Ιιιιίιι
958 875 1062 932 Velleia
1080 874 1156 948 provi.

199 983 260 1022 sum
275 973 331 1036 est,
352 966 381 1020 iu
402 981 455 1038 qua
469 963 550 1019 simul
565 963 782 1020 exheredationis
796 961 893 1018 modus
914 961 947 1017 ad
967 958 1155 1017 similitudinem

166 1062 182 1107 3
199 1057 390 1126 postumornm
409 1046 622 1104 demonstratur.
666 1039 872 1120 ²Emancipatos
894 1045 995 1102 liberos
1021 1047 1079 1101 inse
1098 1042 1156 1099 ciuili

199 1151 288 1207 neque
308 1132 422 1188 heredes
443 1133 588 1190 instituere
608 1148 698 1208 neque
718 1130 882 1188 exheredare
901 1146 1015 1188 necesse
1030 1138 1091 1200 est,
1107 1127 1157 1201 quia

200 1234 256 1274 non
270 1223 336 1272 sunt
355 1218 398 1272 sui
412 1216 537 1274 heredes.
574 1217 622 1274 sed
636 1223 747 1292 praetor
762 1231 858 1274 omnes
878 1223 932 1272 nm
947 1213 1070 1272 feminini
1088 1227 1155 1268 sexus

200 1318 281 1376 quam
295 1301 451 1372 masculini,
468 1303 491 1357 si
506 1301 621 1358 heredes
636 1317 692 1358 non
707 1303 896 1374 instituantur,
912 1300 1071 1358 exheredari
1084 1297 1155 1366 iubet,

199 1386 284 1442 virilis
298 1403 379 1442 sexus
391 1388 565 1458 nominatim,
581 1387 706 1444 feminini
719 1403 784 1444 vero
799 1394 828 1443 et
841 1388 915 1442 iuter
924 1393 1043 1444 ceteros.
1074 1381 1155 1458 quodsi

200 1487 287 1545 neque
302 1470 417 1546 heredes
438 1473 556 1528 instituti
572 1471 675 1528 luerint
689 1489 780 1546 neque
792 1473 845 1543 ita,
867 1479 900 1527 ut
910 1470 1045 1542 diximus,
1061 1469 1156 1526 exhere-

200 1556 270 1628 dati,
291 1557 428 1630 promittit
446 1564 559 1630 praetor
574 1558 612 1612 eis
628 1564 723 1614 contra
743 1556 847 1612 tabulas
862 1558 1020 1612 testamenti
1036 1554 1153 1612 tonorum

154 1647 182 1710 ¹4
199 1643 411 1714 possessionem.
447 1633 593 1716 ³Adnptivi
607 1640 686 1697 lilieri
707 1641 838 1714 quamdiu
850 1647 916 1697 sunt
929 1642 957 1696 in
972 1647 1107 1715 potestate
1119 1651 1155 1710 pa·

200 1727 249 1780 tris
264 1724 399 1798 adoptivi,
415 1725 536 1781 eiusdem
552 1726 618 1782 iuris
633 1723 781 1797 habentur,
802 1727 880 1782 ouius
895 1733 961 1782 sunt
974 1727 1055 1782 iustis
1070 1721 1155 1795 nuptiis

194 1809 329 1882 quaesiti:
351 1810 442 1882 itaque
462 1809 576 1866 heredes
597 1810 757 1866 instituendi
779 1810 822 1866 vel
843 1810 1024 1866 exheredsndi
1045 1813 1105 1865 suut
1122 1819 1155 1858 st·

198 1891 317 1949 cundum
333 1910 378 1964 ea,
395 1910 464 1967 quae
479 1893 512 1950 dc
527 1892 694 1950 naturalibus
709 1896 898 1968 exposuimus:
928 1893 1092 1969 emancipati.
1103 1903 1154 1946 uero

192 1995 214 2034 a
228 1984 305 2051 patre
321 1978 448 2053 adoptivo
458 1994 549 2052 neque
563 1980 622 2034 luae
637 1979 708 2034 cirili
718 1994 813 2053 ‘neque
827 1979 901 2053 quod
916 1979 949 2034 ad
960 1979 1079 2036 edietum
1092 1987 1154 2050 prat·

199 2064 267 2119 toris
290 2065 401 2136 attinet,
423 2064 496 2119 iuter
517 2062 617 2119 liberos
638 2070 824 2120 numerantur.
865 2065 1044 2138 quaestione
1064 2058 1154 2125 decidit,

200 2157 230 2204 ut
246 2165 279 2203 ex
299 2147 406 2205 diverso
428 2147 502 2222 qu'od
523 2147 556 2204 ad
578 2149 729 2205 naturalem
748 2155 888 2222 parentem
908 2149 1022 2221 attinet,
1045 2141 1154 2221 quamdiu

199 2233 308 2307 quidem
322 2235 379 2289 sint
398 2235 426 2288 in
440 2233 566 2308 adoptiva
580 2232 693 2304 familie,
715 2240 905 2290 extraneorum
925 2248 1041 2290 numero
1056 2229 1154 2288 habean-

198 2325 259 2386 tur,
275 2323 307 2370 ut
321 2332 369 2372 eos
384 2333 473 2389 neque
489 2315 602 2372 heredes
616 2318 760 2373 instituere
775 2333 864 2392 neque
880 2317 1044 2374 exheredare
1059 2324 1153 2373 necesse

198 2403 242 2455 sit
278 2416 340 2454 cum
360 2415 425 2454 vero
446 2400 606 2472 emancipati
627 2397 730 2457 luerint
744 2401 776 2457 ab
792 2402 919 2476 adoptivo
933 2409 1029 2502 patre,
1050 2396 1154 2458 tuncin-

179 2483 324 2556 cipiunt
316 2499 344 2538 ur
360 2498 392 2538 ea
405 2497 484 2538 causa
500 2499 575 2554 esse,
596 2484 625 2539 in
641 2500 693 2558 quia
708 2485 793 2542 rotant
808 2494 915 2558 essent,
931 2488 954 2542 si
968 2486 1075 2562 abipso
1089 2487 1154 2538 uati·

156 2569 181 2618 5
198 2567 247 2622 rali
261 2573 338 2640 patre
353 2567 511 2641 emancipati
525 2566 651 2625 luissent.
684 2569 740 2628 Sed
752 2572 823 2627 haec
832 2579 954 2628 vetustas
968 2565 1152 2628 innoduaelat

195 2659 277 2708 nostr
263 2668 292 2707 ra
306 2665 371 2708 vero
386 2647 568 2708 cttnstitutio⁴
589 2655 661 2710 inter
675 2655 811 2712 masculos
825 2664 854 2712 et
874 2657 1008 2712 temtum
1001 2673 1028 2712 ux
1043 2657 1093 2712 hoc
1106 2652 1154 2705 iure

192 2737 265 2794 nihil
286 2739 419 2794 iuteresse
434 2739 604 2810 existimans,
626 2741 691 2813 quia
708 2747 824 2813 utraque
842 2757 960 2814 persona
980 2743 1007 2797 in
1028 2737 1154 2796 henricum

192 2824 388 2893 ,procreatione
407 2821 533 2880 similiter
551 2829 663 2880 naturae
679 2823 770 2880 ollicio
792 2823 918 2900 iungitur
931 2833 960 2882 et
980 2825 1042 2900 lege
1057 2820 1154 2892 autiqut

192 2903 342 2964 duodecim
362 2905 513 2963 tabularum
534 2924 627 2966 omnes
653 2909 777 2966 similiter
801 2909 834 2966 ad
861 2911 1050 2968 successiones·
1071 2906 1101 2962 ah
1120 2903 1152 2957 iu·

198 2993 299 3045 testato
314 2989 488 3064 vocabantur,
505 2992 580 3066 quod
592 3001 620 3050 et
634 3001 779 3068 praetores
790 3002 886 3069 postea
900 2997 987 3052 secuti
1002 3011 1061 3051 esse
1075 2987 1152 3046 viden·

125 3101 140 3114 2
198 3080 259 3143 tur,
280 3072 342 3130 ideo
363 3075 478 3148 simplex
493 3093 524 3133 ao
538 3078 625 3134 simile
644 3079 688 3134 ius
704 3085 732 3135 et
751 3080 780 3135 in
801 3077 863 3136 liliis
879 3088 908 3137 et
926 3081 954 3137 in
974 3079 1078 3137 filiabus
1093 3079 1118 3130 et
1130 3070 1152 3123 it

198 3158 295 3214 ceteris
317 3158 544 3218 descendentibus
564 3179 614 3238 per
631 3163 734 3220 virilem
749 3179 845 3220 sexum
864 3167 988 3240 personis
1007 3181 1062 3222 non
1076 3156 1151 3217 solurss

201 3323 404 3334 -—-—-...

215 3421 217 3426 ’
267 3437 286 3501 1)
305 3441 428 3492 rusiae
450 3441 562 3506 aucupa.
620 3440 693 3504 2)=
713 3445 770 3498 aaa
788 3447 812 3505 1,
833 3447 891 3497 ιιι.
949 3445 970 3510 ³)
990 3448 1045 3502 cu
1064 3447 1085 3502 1,
1103 3435 1151 3490 136

200 3505 248 3554 137
266 3515 325 3560 mut
393 3507 414 3572 4)
432 3509 466 3562 L.
485 3511 510 3564 4.
529 3507 558 3558 Ο.
579 3509 611 3558 de
629 3509 671 3563 lid.
686 3520 774 3574 praet
794 3511 827 3574 (6,
846 3512 899 3575 28).
