<?xml version="1.0" encoding="UTF-8"?>
<!DOCTYPE html PUBLIC "-//W3C//DTD XHTML 1.0 Transitional//EN"
    "http://www.w3.org/TR/xhtml1/DTD/xhtml1-transitional.dtd">
<html xmlns="http://www.w3.org/1999/xhtml" xml:lang="en" lang="en">
 <head>
  <title>
</title>
<meta http-equiv="Content-Type" content="text/html;charset=utf-8" />
  <meta name='ocr-system' content='tesseract 3.04.00' />
  <meta name='ocr-capabilities' content='ocr_page ocr_carea ocr_par ocr_line ocrx_word'/>
</head>
<body>
  <div class='ocr_page' id='page_1' title='image "./impivstinianiin00huscgoog_0323.png"; bbox 0 0 2464 3916; ppageno 0'>
   <div class='ocr_carea' id='block_1_1' title="bbox 192 202 986 268">
    <p class='ocr_par' dir='ltr' id='par_1_1' title="bbox 192 202 986 268">
     <span class='ocr_line' id='line_1_1' title="bbox 192 202 986 268; baseline 0.006 -15"><span class='ocrx_word' id='word_1_1' title='bbox 192 202 254 268; x_wconf 85' lang='lat'>196</span> <span class='ocrx_word' id='word_1_2' title='bbox 370 219 406 256; x_wconf 82' lang='lat' dir='ltr'>nn</span> <span class='ocrx_word' id='word_1_3' title='bbox 425 219 516 256; x_wconf 79' lang='lat' dir='ltr'>ronna</span> <span class='ocrx_word' id='word_1_4' title='bbox 534 217 645 256; x_wconf 74' lang='lat' dir='ltr'>neurus</span> <span class='ocrx_word' id='word_1_5' title='bbox 665 218 859 256; x_wconf 78' lang='lat' dir='ltr'>nrrrnanrruu</span> <span class='ocrx_word' id='word_1_6' title='bbox 876 205 924 263; x_wconf 87' lang='lat' dir='ltr'>lv,</span> <span class='ocrx_word' id='word_1_7' title='bbox 944 205 986 258; x_wconf 86' lang='grc'>16.</span> 
     </span>
    </p>
   </div>
   <div class='ocr_carea' id='block_1_2' title="bbox 190 357 1160 672">
    <p class='ocr_par' dir='ltr' id='par_1_2' title="bbox 190 357 1160 672">
     <span class='ocr_line' id='line_1_2' title="bbox 191 357 1160 435; baseline -0.004 -15"><span class='ocrx_word' id='word_1_8' title='bbox 191 360 272 420; x_wconf 85' lang='lat' dir='ltr'>bodie</span> <span class='ocrx_word' id='word_1_9' title='bbox 286 361 389 418; x_wconf 78' lang='lat' dir='ltr'><strong>dicere:</strong></span> <span class='ocrx_word' id='word_1_10' title='bbox 415 375 476 416; x_wconf 89' lang='lat' dir='ltr'>nam</span> <span class='ocrx_word' id='word_1_11' title='bbox 503 359 630 434; x_wconf 86' lang='lat' dir='ltr'>quotiens</span> <span class='ocrx_word' id='word_1_12' title='bbox 646 367 721 416; x_wconf 79' lang='lat' dir='ltr'>entre</span> <span class='ocrx_word' id='word_1_13' title='bbox 736 357 858 416; x_wconf 80' lang='lat' dir='ltr'><strong>ordinem</strong></span> <span class='ocrx_word' id='word_1_14' title='bbox 873 360 915 416; x_wconf 89' lang='lat' dir='ltr'>ius</span> <span class='ocrx_word' id='word_1_15' title='bbox 931 358 1044 432; x_wconf 65' lang='lat' dir='ltr'>mutus,</span> <span class='ocrx_word' id='word_1_16' title='bbox 1072 360 1160 435; x_wconf 80' lang='lat' dir='ltr'>qualia</span> 
     </span>
     <span class='ocr_line' id='line_1_3' title="bbox 190 442 1160 518; baseline -0.002 -15"><span class='ocrx_word' id='word_1_17' title='bbox 190 451 255 503; x_wconf 90' lang='lat' dir='ltr'>suut</span> <span class='ocrx_word' id='word_1_18' title='bbox 269 444 351 500; x_wconf 82' lang='lat' dir='ltr'>bodie</span> <span class='ocrx_word' id='word_1_19' title='bbox 366 445 456 500; x_wconf 86' lang='lat' dir='ltr'>emnia</span> <span class='ocrx_word' id='word_1_20' title='bbox 470 442 581 513; x_wconf 80' lang='lat' dir='ltr'>iudicia,</span> <span class='ocrx_word' id='word_1_21' title='bbox 607 459 664 500; x_wconf 89' lang='lat' dir='ltr'>nen</span> <span class='ocrx_word' id='word_1_22' title='bbox 690 451 732 500; x_wconf 90' lang='lat' dir='ltr'>est</span> <span class='ocrx_word' id='word_1_23' title='bbox 747 459 860 500; x_wconf 86' lang='lat' dir='ltr'>neeesse</span> <span class='ocrx_word' id='word_1_24' title='bbox 884 442 961 500; x_wconf 89' lang='lat' dir='ltr'>reddi</span> <span class='ocrx_word' id='word_1_25' title='bbox 977 443 1160 518; x_wconf 81' lang='lat' dir='ltr'>interdictum,</span> 
     </span>
     <span class='ocr_line' id='line_1_4' title="bbox 190 527 1160 603; baseline -0.004 -15"><span class='ocrx_word' id='word_1_26' title='bbox 190 530 238 588; x_wconf 88' lang='lat' dir='ltr'>sed</span> <span class='ocrx_word' id='word_1_27' title='bbox 252 528 364 603; x_wconf 89' lang='lat' dir='ltr'>perinde</span> <span class='ocrx_word' id='word_1_28' title='bbox 379 527 513 585; x_wconf 77' lang='lat' dir='ltr'>iudicatur</span> <span class='ocrx_word' id='word_1_29' title='bbox 531 527 589 584; x_wconf 90' lang='lat' dir='ltr'>sine</span> <span class='ocrx_word' id='word_1_30' title='bbox 609 527 777 599; x_wconf 69' lang='lat' dir='ltr'>interdictis,</span> <span class='ocrx_word' id='word_1_31' title='bbox 799 535 881 602; x_wconf 90' lang='lat' dir='ltr'>atque</span> <span class='ocrx_word' id='word_1_32' title='bbox 900 529 925 586; x_wconf 89' lang='lat' dir='ltr'>si</span> <span class='ocrx_word' id='word_1_33' title='bbox 946 527 1113 594; x_wconf 74' lang='lat' dir='ltr'>utilisaetie</span> <span class='ocrx_word' id='word_1_34' title='bbox 1129 545 1160 584; x_wconf 82' lang='lat' dir='ltr'>ex</span> 
     </span>
     <span class='ocr_line' id='line_1_5' title="bbox 190 611 662 672; baseline -0.008 0"><span class='ocrx_word' id='word_1_35' title='bbox 190 629 270 672; x_wconf 86' lang='lat' dir='ltr'>eausa</span> <span class='ocrx_word' id='word_1_36' title='bbox 284 613 422 670; x_wconf 80' lang='lat' dir='ltr'>interdicti</span> <span class='ocrx_word' id='word_1_37' title='bbox 437 612 542 669; x_wconf 87' lang='lat' dir='ltr'>reddita</span> <span class='ocrx_word' id='word_1_38' title='bbox 556 611 662 668; x_wconf 87' lang='lat' dir='ltr'>fuisset.</span> 
     </span>
    </p>
   </div>
   <div class='ocr_carea' id='block_1_3' title="bbox 358 807 996 964">
    <p class='ocr_par' dir='ltr' id='par_1_3' title="bbox 358 807 996 964">
     <span class='ocr_line' id='line_1_6' title="bbox 607 807 741 850; baseline 0.015 -2"><span class='ocrx_word' id='word_1_39' title='bbox 607 807 664 849; x_wconf 72' lang='grc' dir='ltr'>ΤΠ.</span> <span class='ocrx_word' id='word_1_40' title='bbox 678 807 741 850; x_wconf 75' lang='lat' dir='ltr'>XVI.</span> 
     </span>
     <span class='ocr_line' id='line_1_7' title="bbox 358 909 996 964; baseline -0.002 0"><span class='ocrx_word' id='word_1_41' title='bbox 358 911 407 964; x_wconf 80' lang='lat' dir='ltr'>DE</span> <span class='ocrx_word' id='word_1_42' title='bbox 426 909 549 962; x_wconf 71' lang='lat' dir='ltr'>Pontia</span> <span class='ocrx_word' id='word_1_43' title='bbox 569 911 721 962; x_wconf 70' lang='lat' dir='ltr'>tumultu</span> <span class='ocrx_word' id='word_1_44' title='bbox 740 910 996 963; x_wconf 77' lang='lat' dir='ltr'><strong>LITIGANTIUM.</strong></span> 
     </span>
    </p>
   </div>
   <div class='ocr_carea' id='block_1_4' title="bbox 139 1033 1225 2556">
    <p class='ocr_par' dir='ltr' id='par_1_4' title="bbox 139 1033 1165 1449">
     <span class='ocr_line' id='line_1_8' title="bbox 139 1033 1165 1108; baseline -0.004 -14"><span class='ocrx_word' id='word_1_45' title='bbox 139 1035 174 1077; x_wconf 64' lang='grc' dir='ltr'>ΡΙ·</span> <span class='ocrx_word' id='word_1_46' title='bbox 254 1036 332 1093; x_wconf 85' lang='lat' dir='ltr'>Nune</span> <span class='ocrx_word' id='word_1_47' title='bbox 345 1033 507 1092; x_wconf 86' lang='lat' dir='ltr'>admonendi</span> <span class='ocrx_word' id='word_1_48' title='bbox 526 1051 634 1105; x_wconf 90' lang='lat' dir='ltr'>sumus,</span> <span class='ocrx_word' id='word_1_49' title='bbox 661 1050 783 1108; x_wconf 76' lang='lat' dir='ltr'>magnam</span> <span class='ocrx_word' id='word_1_50' title='bbox 804 1049 895 1090; x_wconf 87' lang='lat' dir='ltr'>euram</span> <span class='ocrx_word' id='word_1_51' title='bbox 917 1034 1007 1108; x_wconf 75' lang='lat' dir='ltr'>egisse</span> <span class='ocrx_word' id='word_1_52' title='bbox 1022 1049 1088 1105; x_wconf 90' lang='lat' dir='ltr'>ees,</span> <span class='ocrx_word' id='word_1_53' title='bbox 1118 1035 1165 1108; x_wconf 89' lang='lat' dir='ltr'>qui</span> 
     </span>
     <span class='ocr_line' id='line_1_9' title="bbox 189 1116 1162 1194; baseline -0.008 -16"><span class='ocrx_word' id='word_1_54' title='bbox 189 1124 247 1178; x_wconf 88' lang='lat' dir='ltr'>iura</span> <span class='ocrx_word' id='word_1_55' title='bbox 261 1119 447 1192; x_wconf 76' lang='lat' dir='ltr'>sustinebant,</span> <span class='ocrx_word' id='word_1_56' title='bbox 462 1135 496 1176; x_wconf 91' lang='lat' dir='ltr'>ue</span> <span class='ocrx_word' id='word_1_57' title='bbox 512 1119 589 1176; x_wconf 85' lang='lat' dir='ltr'>facile</span> <span class='ocrx_word' id='word_1_58' title='bbox 604 1119 728 1176; x_wconf 88' lang='lat' dir='ltr'>homiues</span> <span class='ocrx_word' id='word_1_59' title='bbox 743 1117 777 1174; x_wconf 83' lang='lat' dir='ltr'>ad</span> <span class='ocrx_word' id='word_1_60' title='bbox 784 1116 945 1194; x_wconf 73' lang='lat' dir='ltr'>litigandum</span> <span class='ocrx_word' id='word_1_61' title='bbox 960 1117 1162 1192; x_wconf 76' lang='lat' dir='ltr'>precederent:</span> 
     </span>
     <span class='ocr_line' id='line_1_10' title="bbox 190 1199 1162 1280; baseline -0.003 -19"><span class='ocrx_word' id='word_1_62' title='bbox 190 1205 264 1280; x_wconf 89' lang='lat' dir='ltr'>qued</span> <span class='ocrx_word' id='word_1_63' title='bbox 279 1215 308 1262; x_wconf 91' lang='lat' dir='ltr'>et</span> <span class='ocrx_word' id='word_1_64' title='bbox 322 1205 401 1262; x_wconf 88' lang='lat' dir='ltr'>nobis</span> <span class='ocrx_word' id='word_1_65' title='bbox 416 1205 508 1262; x_wconf 87' lang='lat' dir='ltr'>studio</span> <span class='ocrx_word' id='word_1_66' title='bbox 524 1213 575 1260; x_wconf 89' lang='lat' dir='ltr'>est.</span> <span class='ocrx_word' id='word_1_67' title='bbox 606 1203 688 1278; x_wconf 86' lang='lat' dir='ltr'>idque</span> <span class='ocrx_word' id='word_1_68' title='bbox 704 1219 737 1260; x_wconf 89' lang='lat' dir='ltr'>ee</span> <span class='ocrx_word' id='word_1_69' title='bbox 753 1204 866 1258; x_wconf 80' lang='lat' dir='ltr'>manime</span> <span class='ocrx_word' id='word_1_70' title='bbox 881 1199 941 1258; x_wconf 83' lang='lat' dir='ltr'>beri</span> <span class='ocrx_word' id='word_1_71' title='bbox 954 1209 1066 1276; x_wconf 89' lang='lat' dir='ltr'>petest,</span> <span class='ocrx_word' id='word_1_72' title='bbox 1086 1202 1162 1277; x_wconf 82' lang='lat' dir='ltr'>qued</span> 
     </span>
     <span class='ocr_line' id='line_1_11' title="bbox 189 1280 1162 1364; baseline -0.002 -20"><span class='ocrx_word' id='word_1_73' title='bbox 189 1291 327 1346; x_wconf 86' lang='lat' dir='ltr'>temeritas</span> <span class='ocrx_word' id='word_1_74' title='bbox 354 1298 407 1346; x_wconf 85' lang='lat' dir='ltr'>tam</span> <span class='ocrx_word' id='word_1_75' title='bbox 433 1290 571 1364; x_wconf 79' lang='lat' dir='ltr'>agentium</span> <span class='ocrx_word' id='word_1_76' title='bbox 598 1303 678 1362; x_wconf 89' lang='lat' dir='ltr'>quam</span> <span class='ocrx_word' id='word_1_77' title='bbox 704 1303 815 1359; x_wconf 86' lang='lat' dir='ltr'>eurum,</span> <span class='ocrx_word' id='word_1_78' title='bbox 841 1302 903 1342; x_wconf 87' lang='lat' dir='ltr'>eum</span> <span class='ocrx_word' id='word_1_79' title='bbox 924 1285 1023 1360; x_wconf 90' lang='lat' dir='ltr'>quibus</span> <span class='ocrx_word' id='word_1_80' title='bbox 1038 1280 1162 1362; x_wconf 61' lang='grc' dir='ltr'>ειςὶιιιτ,1</span> 
     </span>
     <span class='ocr_line' id='line_1_12' title="bbox 189 1369 1163 1449; baseline 0 -21"><span class='ocrx_word' id='word_1_81' title='bbox 189 1373 271 1430; x_wconf 87' lang='lat' dir='ltr'>mede</span> <span class='ocrx_word' id='word_1_82' title='bbox 296 1375 449 1449; x_wconf 83' lang='lat' dir='ltr'>pecuniaria</span> <span class='ocrx_word' id='word_1_83' title='bbox 468 1389 571 1448; x_wconf 87' lang='lat' dir='ltr'>poena,</span> <span class='ocrx_word' id='word_1_84' title='bbox 597 1372 679 1429; x_wconf 89' lang='lat' dir='ltr'>modo</span> <span class='ocrx_word' id='word_1_85' title='bbox 704 1369 878 1428; x_wconf 85' lang='lat' dir='ltr'>iurisiurandi</span> <span class='ocrx_word' id='word_1_86' title='bbox 902 1370 1053 1446; x_wconf 78' lang='lat' dir='ltr'>religione,</span> <span class='ocrx_word' id='word_1_87' title='bbox 1080 1371 1163 1428; x_wconf 83' lang='lat' dir='ltr'>mene</span> 
     </span>
    </p>

    <p class='ocr_par' dir='ltr' id='par_1_5' title="bbox 157 1453 1225 2556">
     <span class='ocr_line' id='line_1_13' title="bbox 157 1453 1163 1526; baseline -0.006 -10"><span class='ocrx_word' id='word_1_88' title='bbox 157 1467 170 1516; x_wconf 91' lang='lat'>1</span> <span class='ocrx_word' id='word_1_89' title='bbox 190 1465 265 1514; x_wconf 90' lang='lat' dir='ltr'>metu</span> <span class='ocrx_word' id='word_1_90' title='bbox 287 1459 411 1516; x_wconf 90' lang='lat' dir='ltr'>infamiae</span> <span class='ocrx_word' id='word_1_91' title='bbox 433 1466 585 1516; x_wconf 87' lang='lat' dir='ltr'>eeereetur.</span> <span class='ocrx_word' id='word_1_92' title='bbox 627 1455 696 1514; x_wconf 85' lang='lat' dir='ltr'>lleee</span> <span class='ocrx_word' id='word_1_93' title='bbox 720 1457 792 1512; x_wconf 88' lang='lat' dir='ltr'>enim</span> <span class='ocrx_word' id='word_1_94' title='bbox 814 1454 1000 1512; x_wconf 84' lang='lat' dir='ltr'>iusiurandum</span> <span class='ocrx_word' id='word_1_95' title='bbox 1024 1453 1163 1526; x_wconf 85' lang='lat' dir='ltr'>omnibus,</span> 
     </span>
     <span class='ocr_line' id='line_1_14' title="bbox 190 1531 1163 1616; baseline -0.003 -19"><span class='ocrx_word' id='word_1_96' title='bbox 190 1543 237 1616; x_wconf 89' lang='lat' dir='ltr'>qui</span> <span class='ocrx_word' id='word_1_97' title='bbox 251 1545 466 1615; x_wconf 75' lang='lat' dir='ltr'>conveniuntur,</span> <span class='ocrx_word' id='word_1_98' title='bbox 482 1559 515 1599; x_wconf 83' lang='lat' dir='ltr'>er</span> <span class='ocrx_word' id='word_1_99' title='bbox 529 1549 623 1598; x_wconf 89' lang='lat' dir='ltr'>nestra</span> <span class='ocrx_word' id='word_1_100' title='bbox 638 1531 852 1598; x_wconf 77' lang='lat' dir='ltr'>constitutione²</span> <span class='ocrx_word' id='word_1_101' title='bbox 867 1538 1005 1596; x_wconf 80' lang='lat' dir='ltr'>defertur:</span> <span class='ocrx_word' id='word_1_102' title='bbox 1021 1555 1083 1596; x_wconf 80' lang='lat' dir='ltr'>nam</span> <span class='ocrx_word' id='word_1_103' title='bbox 1100 1556 1163 1596; x_wconf 90' lang='lat' dir='ltr'>reus</span> 
     </span>
     <span class='ocr_line' id='line_1_15' title="bbox 189 1624 1163 1702; baseline -0.001 -20"><span class='ocrx_word' id='word_1_104' title='bbox 189 1642 245 1684; x_wconf 90' lang='lat' dir='ltr'>nen</span> <span class='ocrx_word' id='word_1_105' title='bbox 261 1629 339 1684; x_wconf 86' lang='lat' dir='ltr'>aliter</span> <span class='ocrx_word' id='word_1_106' title='bbox 353 1629 409 1684; x_wconf 87' lang='lat' dir='ltr'>suis</span> <span class='ocrx_word' id='word_1_107' title='bbox 424 1625 632 1702; x_wconf 81' lang='lat' dir='ltr'>allegationibus</span> <span class='ocrx_word' id='word_1_108' title='bbox 648 1627 751 1697; x_wconf 92' lang='lat' dir='ltr'>utitur,</span> <span class='ocrx_word' id='word_1_109' title='bbox 767 1625 820 1682; x_wconf 87' lang='lat' dir='ltr'>nisi</span> <span class='ocrx_word' id='word_1_110' title='bbox 834 1624 910 1698; x_wconf 89' lang='lat' dir='ltr'>prius</span> <span class='ocrx_word' id='word_1_111' title='bbox 925 1625 1071 1695; x_wconf 83' lang='lat' dir='ltr'>iuraverit,</span> <span class='ocrx_word' id='word_1_112' title='bbox 1089 1625 1163 1698; x_wconf 84' lang='lat' dir='ltr'>qued</span> 
     </span>
     <span class='ocr_line' id='line_1_16' title="bbox 189 1707 1225 1782; baseline 0.004 -18"><span class='ocrx_word' id='word_1_113' title='bbox 189 1717 303 1782; x_wconf 89' lang='lat' dir='ltr'>putans,</span> <span class='ocrx_word' id='word_1_114' title='bbox 319 1722 349 1768; x_wconf 86' lang='lat' dir='ltr'>se</span> <span class='ocrx_word' id='word_1_115' title='bbox 363 1711 434 1768; x_wconf 89' lang='lat' dir='ltr'>bena</span> <span class='ocrx_word' id='word_1_116' title='bbox 448 1711 578 1767; x_wconf 86' lang='lat' dir='ltr'>instantia</span> <span class='ocrx_word' id='word_1_117' title='bbox 592 1712 648 1782; x_wconf 91' lang='lat' dir='ltr'>uti,</span> <span class='ocrx_word' id='word_1_118' title='bbox 665 1709 698 1766; x_wconf 87' lang='lat' dir='ltr'>ad</span> <span class='ocrx_word' id='word_1_119' title='bbox 713 1707 950 1766; x_wconf 82' lang='lat' dir='ltr'>contradicendum</span> <span class='ocrx_word' id='word_1_120' title='bbox 965 1709 1103 1782; x_wconf 89' lang='lat' dir='ltr'>pervenit.</span> <span class='ocrx_word' id='word_1_121' title='bbox 1138 1717 1163 1764; x_wconf 90' lang='lat' dir='ltr'>at</span> <span class='ocrx_word' id='word_1_122' title='bbox 1224 1749 1225 1768; x_wconf 51' lang='lat'>2</span> 
     </span>
     <span class='ocr_line' id='line_1_17' title="bbox 189 1783 1163 1868; baseline 0.004 -22"><span class='ocrx_word' id='word_1_123' title='bbox 189 1792 317 1850; x_wconf 86' lang='lat' dir='ltr'>adversus</span> <span class='ocrx_word' id='word_1_124' title='bbox 342 1794 488 1851; x_wconf 81' lang='lat' dir='ltr'>initiantes</span> <span class='ocrx_word' id='word_1_125' title='bbox 513 1811 547 1854; x_wconf 73' lang='lat' dir='ltr'>et</span> <span class='ocrx_word' id='word_1_126' title='bbox 576 1794 736 1868; x_wconf 84' lang='lat' dir='ltr'>quibusdam</span> <span class='ocrx_word' id='word_1_127' title='bbox 765 1794 852 1852; x_wconf 85' lang='lat' dir='ltr'>nausis</span> <span class='ocrx_word' id='word_1_128' title='bbox 878 1783 972 1866; x_wconf 76' lang='lat' dir='ltr'>dupli³</span> <span class='ocrx_word' id='word_1_129' title='bbox 1001 1793 1073 1848; x_wconf 88' lang='lat' dir='ltr'>aetio</span> <span class='ocrx_word' id='word_1_130' title='bbox 1101 1810 1163 1850; x_wconf 85' lang='lat' dir='ltr'>een·</span> 
     </span>
     <span class='ocr_line' id='line_1_18' title="bbox 189 1876 1159 1952; baseline 0.003 -22"><span class='ocrx_word' id='word_1_131' title='bbox 189 1877 328 1948; x_wconf 86' lang='lat' dir='ltr'>stituitur‚</span> <span class='ocrx_word' id='word_1_132' title='bbox 354 1877 439 1934; x_wconf 87' lang='lat' dir='ltr'>veluti</span> <span class='ocrx_word' id='word_1_133' title='bbox 464 1879 488 1933; x_wconf 89' lang='lat' dir='ltr'>si</span> <span class='ocrx_word' id='word_1_134' title='bbox 503 1876 592 1934; x_wconf 88' lang='lat' dir='ltr'>damni</span> <span class='ocrx_word' id='word_1_135' title='bbox 612 1878 725 1935; x_wconf 87' lang='lat' dir='ltr'>iniuriae</span> <span class='ocrx_word' id='word_1_136' title='bbox 750 1886 797 1935; x_wconf 93' lang='lat' dir='ltr'>aut</span> <span class='ocrx_word' id='word_1_137' title='bbox 811 1877 964 1952; x_wconf 74' lang='lat' dir='ltr'>legaturum</span> <span class='ocrx_word' id='word_1_138' title='bbox 987 1877 1057 1933; x_wconf 85' lang='lat' dir='ltr'>ineis</span> <span class='ocrx_word' id='word_1_139' title='bbox 1081 1894 1159 1934; x_wconf 86' lang='lat' dir='ltr'>vene·</span> 
     </span>
     <span class='ocr_line' id='line_1_19' title="bbox 190 1956 1158 2038; baseline 0.003 -23"><span class='ocrx_word' id='word_1_140' title='bbox 190 1958 317 2018; x_wconf 87' lang='lat' dir='ltr'>rabilibus</span> <span class='ocrx_word' id='word_1_141' title='bbox 340 1961 499 2018; x_wconf 83' lang='lat' dir='ltr'>relictorum</span> <span class='ocrx_word' id='word_1_142' title='bbox 524 1963 633 2018; x_wconf 87' lang='lat' dir='ltr'>nemine</span> <span class='ocrx_word' id='word_1_143' title='bbox 658 1965 757 2038; x_wconf 77' lang='lat' dir='ltr'>agitur.</span> <span class='ocrx_word' id='word_1_144' title='bbox 796 1956 906 2020; x_wconf 70' lang='lat' dir='ltr'>istrum</span> <span class='ocrx_word' id='word_1_145' title='bbox 927 1968 1017 2018; x_wconf 89' lang='lat' dir='ltr'>autem</span> <span class='ocrx_word' id='word_1_146' title='bbox 1032 1960 1067 2018; x_wconf 85' lang='lat' dir='ltr'>ab</span> <span class='ocrx_word' id='word_1_147' title='bbox 1082 1963 1158 2018; x_wconf 85' lang='lat' dir='ltr'>initio</span> 
     </span>
     <span class='ocr_line' id='line_1_20' title="bbox 189 2037 1161 2122; baseline 0.002 -22"><span class='ocrx_word' id='word_1_148' title='bbox 189 2044 275 2118; x_wconf 89' lang='lat' dir='ltr'>pluris</span> <span class='ocrx_word' id='word_1_149' title='bbox 301 2063 380 2122; x_wconf 89' lang='lat' dir='ltr'>quam</span> <span class='ocrx_word' id='word_1_150' title='bbox 405 2045 494 2122; x_wconf 87' lang='lat' dir='ltr'>simpli</span> <span class='ocrx_word' id='word_1_151' title='bbox 519 2054 562 2103; x_wconf 89' lang='lat' dir='ltr'>est</span> <span class='ocrx_word' id='word_1_152' title='bbox 586 2048 655 2103; x_wconf 77' lang='lat' dir='ltr'>nebu</span> <span class='ocrx_word' id='word_1_153' title='bbox 680 2047 765 2104; x_wconf 89' lang='lat' dir='ltr'>veluti</span> <span class='ocrx_word' id='word_1_154' title='bbox 776 2037 843 2104; x_wconf 90' lang='lat' dir='ltr'>furti</span> <span class='ocrx_word' id='word_1_155' title='bbox 858 2043 993 2102; x_wconf 78' lang='lat' dir='ltr'>manifesti</span> <span class='ocrx_word' id='word_1_156' title='bbox 1007 2045 1161 2120; x_wconf 85' lang='lat' dir='ltr'>quadrupli,</span> 
     </span>
     <span class='ocr_line' id='line_1_21' title="bbox 190 2129 1158 2205; baseline 0.001 -22"><span class='ocrx_word' id='word_1_157' title='bbox 190 2145 241 2186; x_wconf 84' lang='lat' dir='ltr'>nee</span> <span class='ocrx_word' id='word_1_158' title='bbox 255 2131 390 2190; x_wconf 80' lang='lat' dir='ltr'>manifesti</span> <span class='ocrx_word' id='word_1_159' title='bbox 416 2131 505 2205; x_wconf 89' lang='lat' dir='ltr'>dupli:</span> <span class='ocrx_word' id='word_1_160' title='bbox 535 2147 596 2188; x_wconf 89' lang='lat' dir='ltr'>nam</span> <span class='ocrx_word' id='word_1_161' title='bbox 622 2133 720 2188; x_wconf 78' lang='lat' dir='ltr'>erbis</span> <span class='ocrx_word' id='word_1_162' title='bbox 745 2133 832 2188; x_wconf 83' lang='lat' dir='ltr'>causis</span> <span class='ocrx_word' id='word_1_163' title='bbox 859 2138 888 2188; x_wconf 90' lang='lat' dir='ltr'>et</span> <span class='ocrx_word' id='word_1_164' title='bbox 908 2130 966 2186; x_wconf 88' lang='lat' dir='ltr'>aliis</span> <span class='ocrx_word' id='word_1_165' title='bbox 989 2129 1158 2204; x_wconf 85' lang='lat' dir='ltr'>quibusdam,</span> 
     </span>
     <span class='ocr_line' id='line_1_22' title="bbox 189 2213 1159 2292; baseline 0.002 -24"><span class='ocrx_word' id='word_1_166' title='bbox 189 2215 246 2269; x_wconf 86' lang='lat' dir='ltr'>sive</span> <span class='ocrx_word' id='word_1_167' title='bbox 271 2217 332 2290; x_wconf 88' lang='lat' dir='ltr'>quis</span> <span class='ocrx_word' id='word_1_168' title='bbox 359 2224 443 2292; x_wconf 78' lang='lat' dir='ltr'>neget</span> <span class='ocrx_word' id='word_1_169' title='bbox 469 2217 525 2271; x_wconf 86' lang='lat' dir='ltr'>sive</span> <span class='ocrx_word' id='word_1_170' title='bbox 540 2215 672 2288; x_wconf 84' lang='lat' dir='ltr'>fateatur,</span> <span class='ocrx_word' id='word_1_171' title='bbox 699 2216 785 2290; x_wconf 88' lang='lat' dir='ltr'>pluris</span> <span class='ocrx_word' id='word_1_172' title='bbox 811 2231 892 2291; x_wconf 89' lang='lat' dir='ltr'>quam</span> <span class='ocrx_word' id='word_1_173' title='bbox 917 2213 1008 2288; x_wconf 90' lang='lat' dir='ltr'>simpli</span> <span class='ocrx_word' id='word_1_174' title='bbox 1022 2222 1067 2270; x_wconf 90' lang='lat' dir='ltr'>est</span> <span class='ocrx_word' id='word_1_175' title='bbox 1081 2216 1159 2271; x_wconf 88' lang='lat' dir='ltr'>aetio.</span> 
     </span>
     <span class='ocr_line' id='line_1_23' title="bbox 189 2298 1223 2374; baseline 0.002 -22"><span class='ocrx_word' id='word_1_176' title='bbox 189 2298 254 2353; x_wconf 91' lang='lat' dir='ltr'>item</span> <span class='ocrx_word' id='word_1_177' title='bbox 269 2303 369 2358; x_wconf 84' lang='lat' dir='ltr'>acturis</span> <span class='ocrx_word' id='word_1_178' title='bbox 384 2317 496 2374; x_wconf 85' lang='lat' dir='ltr'>queque</span> <span class='ocrx_word' id='word_1_179' title='bbox 510 2299 642 2356; x_wconf 86' lang='lat' dir='ltr'>eelumnia</span> <span class='ocrx_word' id='word_1_180' title='bbox 656 2308 812 2357; x_wconf 74' lang='lat' dir='ltr'>enervetur:</span> <span class='ocrx_word' id='word_1_181' title='bbox 840 2317 903 2358; x_wconf 88' lang='lat' dir='ltr'>nam</span> <span class='ocrx_word' id='word_1_182' title='bbox 923 2299 1003 2356; x_wconf 82' lang='lat' dir='ltr'>etiam</span> <span class='ocrx_word' id='word_1_183' title='bbox 1019 2307 1098 2356; x_wconf 84' lang='lat' dir='ltr'>enter</span> <span class='ocrx_word' id='word_1_184' title='bbox 1111 2315 1160 2374; x_wconf 87' lang='lat' dir='ltr'>pre</span> <span class='ocrx_word' id='word_1_185' title='bbox 1222 2307 1223 2324; x_wconf 66' lang='lat'>¹</span> 
     </span>
     <span class='ocr_line' id='line_1_24' title="bbox 190 2381 1161 2458; baseline 0.001 -21"><span class='ocrx_word' id='word_1_186' title='bbox 190 2381 321 2439; x_wconf 86' lang='lat' dir='ltr'>calumnia</span> <span class='ocrx_word' id='word_1_187' title='bbox 345 2387 434 2440; x_wconf 89' lang='lat' dir='ltr'>iurare</span> <span class='ocrx_word' id='word_1_188' title='bbox 458 2386 567 2458; x_wconf 78' lang='lat' dir='ltr'>cogitur</span> <span class='ocrx_word' id='word_1_189' title='bbox 593 2401 626 2440; x_wconf 82' lang='lat' dir='ltr'>ex</span> <span class='ocrx_word' id='word_1_190' title='bbox 651 2391 746 2443; x_wconf 88' lang='lat' dir='ltr'>nestra</span> <span class='ocrx_word' id='word_1_191' title='bbox 770 2385 976 2442; x_wconf 83' lang='lat' dir='ltr'>constitutione.</span> <span class='ocrx_word' id='word_1_192' title='bbox 1021 2385 1161 2458; x_wconf 86' lang='lat' dir='ltr'>utriusque</span> 
     </span>
     <span class='ocr_line' id='line_1_25' title="bbox 190 2465 1222 2556; baseline 0.004 -38"><span class='ocrx_word' id='word_1_193' title='bbox 190 2465 269 2519; x_wconf 88' lang='lat' dir='ltr'>etiarn</span> <span class='ocrx_word' id='word_1_194' title='bbox 295 2469 378 2540; x_wconf 89' lang='lat' dir='ltr'>partis</span> <span class='ocrx_word' id='word_1_195' title='bbox 406 2467 527 2524; x_wconf 83' lang='lat' dir='ltr'>advocati</span> <span class='ocrx_word' id='word_1_196' title='bbox 541 2469 727 2525; x_wconf 86' lang='lat' dir='ltr'>iusiurandum</span> <span class='ocrx_word' id='word_1_197' title='bbox 742 2467 876 2542; x_wconf 89' lang='lat' dir='ltr'>subeunt,</span> <span class='ocrx_word' id='word_1_198' title='bbox 903 2467 977 2544; x_wconf 85' lang='lat' dir='ltr'>quud</span> <span class='ocrx_word' id='word_1_199' title='bbox 1004 2468 1057 2525; x_wconf 93' lang='lat' dir='ltr'>alia</span> <span class='ocrx_word' id='word_1_200' title='bbox 1070 2473 1162 2525; x_wconf 89' lang='lat' dir='ltr'>nestra</span> <span class='ocrx_word' id='word_1_201' title='bbox 1221 2517 1222 2556; x_wconf 48' lang='lat'>3</span> 
     </span>
    </p>
   </div>
   <div class='ocr_carea' id='block_1_5' title="bbox 196 2631 396 2640">
    <p class='ocr_par' dir='ltr' id='par_1_6' title="bbox 196 2573 1222 2722">
     <span class='ocr_line' id='line_1_26' title="bbox 196 2631 396 2640; baseline 0 0"><span class='ocrx_word' id='word_1_202' title='bbox 196 2631 396 2640; x_wconf 72' lang='lat'>----————-—-</span> 
     </span>
    </p>
   </div>
   <div class='ocr_carea' id='block_1_6' title="bbox 189 2747 1162 3426">
    <p class='ocr_par' dir='ltr' id='par_1_7' title="bbox 189 2747 1162 3426">
     <span class='ocr_line' id='line_1_27' title="bbox 259 2747 1161 2816; baseline 0.002 -16"><span class='ocrx_word' id='word_1_203' title='bbox 259 2747 285 2813; x_wconf 77' lang='lat'>¹)</span> <span class='ocrx_word' id='word_1_204' title='bbox 299 2753 369 2800; x_wconf 85' lang='lat' dir='ltr'>multi</span> <span class='ocrx_word' id='word_1_205' title='bbox 385 2751 460 2804; x_wconf 83' lang='lat' dir='ltr'><strong><em>codd.</em></strong></span> <span class='ocrx_word' id='word_1_206' title='bbox 479 2752 555 2815; x_wconf 79' lang='lat' dir='ltr'>infer.</span> <span class='ocrx_word' id='word_1_207' title='bbox 576 2757 705 2816; x_wconf 80' lang='lat' dir='ltr'>ageretur</span> <span class='ocrx_word' id='word_1_208' title='bbox 731 2753 805 2805; x_wconf 83' lang='lat' dir='ltr'><em>codd.</em></span> <span class='ocrx_word' id='word_1_209' title='bbox 829 2760 877 2806; x_wconf 85' lang='lat' dir='ltr'>vet.</span> <span class='ocrx_word' id='word_1_210' title='bbox 896 2753 955 2805; x_wconf 84' lang='lat' dir='ltr'>edd.</span> <span class='ocrx_word' id='word_1_211' title='bbox 974 2749 1050 2804; x_wconf 70' lang='lat' dir='ltr'>Soter.</span> <span class='ocrx_word' id='word_1_212' title='bbox 1070 2759 1096 2802; x_wconf 87' lang='lat' dir='ltr'>et</span> <span class='ocrx_word' id='word_1_213' title='bbox 1113 2751 1161 2802; x_wconf 85' lang='lat' dir='ltr'>Kr.</span> 
     </span>
     <span class='ocr_line' id='line_1_28' title="bbox 189 2814 1160 2885; baseline 0.005 -20"><span class='ocrx_word' id='word_1_214' title='bbox 189 2814 210 2878; x_wconf 84' lang='lat'>²)</span> <span class='ocrx_word' id='word_1_215' title='bbox 229 2817 262 2870; x_wconf 81' lang='lat' dir='ltr'>L.</span> <span class='ocrx_word' id='word_1_216' title='bbox 281 2820 297 2866; x_wconf 78' lang='lat'><strong>2</strong></span> <span class='ocrx_word' id='word_1_217' title='bbox 314 2833 356 2882; x_wconf 84' lang='lat' dir='ltr'>pr.</span> <span class='ocrx_word' id='word_1_218' title='bbox 377 2819 404 2872; x_wconf 84' lang='lat'>0.</span> <span class='ocrx_word' id='word_1_219' title='bbox 422 2820 454 2868; x_wconf 85' lang='lat' dir='ltr'>de</span> <span class='ocrx_word' id='word_1_220' title='bbox 471 2819 545 2873; x_wconf 77' lang='lat' dir='ltr'>ferei.</span> <span class='ocrx_word' id='word_1_221' title='bbox 569 2828 658 2884; x_wconf 82' lang='lat' dir='ltr'>propt.</span> <span class='ocrx_word' id='word_1_222' title='bbox 681 2823 731 2873; x_wconf 82' lang='lat' dir='ltr'>eut.</span> <span class='ocrx_word' id='word_1_223' title='bbox 751 2820 786 2884; x_wconf 77' lang='lat'>(2,</span> <span class='ocrx_word' id='word_1_224' title='bbox 805 2820 838 2871; x_wconf 78' lang='lat'>58</span> <span class='ocrx_word' id='word_1_225' title='bbox 855 2823 890 2873; x_wconf 83' lang='lat' dir='ltr'>ef.</span> <span class='ocrx_word' id='word_1_226' title='bbox 909 2820 966 2883; x_wconf 72' lang='lat'>⁶9.)</span> <span class='ocrx_word' id='word_1_227' title='bbox 989 2835 1037 2883; x_wconf 82' lang='lat' dir='ltr'>pp.</span> <span class='ocrx_word' id='word_1_228' title='bbox 1066 2821 1160 2885; x_wconf 76' lang='lat' dir='ltr'>quidem</span> 
     </span>
     <span class='ocr_line' id='line_1_29' title="bbox 189 2882 1162 2952; baseline 0.008 -20"><span class='ocrx_word' id='word_1_229' title='bbox 189 2882 246 2932; x_wconf 92' lang='lat' dir='ltr'>llll</span> <span class='ocrx_word' id='word_1_230' title='bbox 264 2887 312 2938; x_wconf 86' lang='lat' dir='ltr'>cat.</span> <span class='ocrx_word' id='word_1_231' title='bbox 330 2888 438 2951; x_wconf 77' lang='lat' dir='ltr'>Aupunt.</span> <span class='ocrx_word' id='word_1_232' title='bbox 458 2903 482 2940; x_wconf 87' lang='lat' dir='ltr'>a.</span> <span class='ocrx_word' id='word_1_233' title='bbox 500 2889 562 2947; x_wconf 77' lang='lat' dir='ltr'>eet,</span> <span class='ocrx_word' id='word_1_234' title='bbox 580 2890 629 2940; x_wconf 77' lang='lat' dir='ltr'>sed</span> <span class='ocrx_word' id='word_1_235' title='bbox 645 2896 672 2938; x_wconf 85' lang='lat' dir='ltr'>ut</span> <span class='ocrx_word' id='word_1_236' title='bbox 689 2904 725 2940; x_wconf 77' lang='lat' dir='ltr'>em</span> <span class='ocrx_word' id='word_1_237' title='bbox 742 2889 766 2943; x_wconf 84' lang='lat' dir='ltr'>b.</span> <span class='ocrx_word' id='word_1_238' title='bbox 783 2892 801 2941; x_wconf 90' lang='lat' dir='ltr'>l.</span> <span class='ocrx_word' id='word_1_239' title='bbox 817 2893 903 2952; x_wconf 82' lang='lat' dir='ltr'>patet,</span> <span class='ocrx_word' id='word_1_240' title='bbox 922 2902 989 2938; x_wconf 81' lang='lat' dir='ltr'>anno</span> <span class='ocrx_word' id='word_1_241' title='bbox 1016 2893 1078 2938; x_wconf 82' lang='lat' dir='ltr'>ante</span> <span class='ocrx_word' id='word_1_242' title='bbox 1095 2890 1162 2940; x_wconf 80' lang='lat' dir='ltr'>datu.</span> 
     </span>
     <span class='ocr_line' id='line_1_30' title="bbox 190 2946 1160 3021; baseline 0.012 -24"><span class='ocrx_word' id='word_1_243' title='bbox 190 2946 212 3013; x_wconf 84' lang='lat'>³)</span> <span class='ocrx_word' id='word_1_244' title='bbox 230 2951 268 2999; x_wconf 85' lang='lat' dir='ltr'>sic</span> <span class='ocrx_word' id='word_1_245' title='bbox 285 2952 445 3006; x_wconf 80' lang='lat' dir='ltr'>multi&#39;eodd.</span> <span class='ocrx_word' id='word_1_246' title='bbox 463 2955 540 3017; x_wconf 83' lang='lat' dir='ltr'>infer.</span> <span class='ocrx_word' id='word_1_247' title='bbox 557 2955 604 3005; x_wconf 88' lang='lat' dir='ltr'>vel</span> <span class='ocrx_word' id='word_1_248' title='bbox 622 2955 698 3021; x_wconf 86' lang='lat' dir='ltr'>tripli</span> <span class='ocrx_word' id='word_1_249' title='bbox 716 2957 814 3008; x_wconf 83' lang='lat' dir='ltr'>addunt</span> <span class='ocrx_word' id='word_1_250' title='bbox 838 2957 913 3010; x_wconf 83' lang='lat' dir='ltr'><strong><em>codd.</em></strong></span> <span class='ocrx_word' id='word_1_251' title='bbox 940 2962 989 3008; x_wconf 83' lang='lat' dir='ltr'>vet.</span> <span class='ocrx_word' id='word_1_252' title='bbox 1009 2957 1070 3005; x_wconf 82' lang='lat' dir='ltr'>edd.</span> <span class='ocrx_word' id='word_1_253' title='bbox 1089 2954 1160 3008; x_wconf 79' lang='lat' dir='ltr'>Scir.</span> 
     </span>
     <span class='ocr_line' id='line_1_31' title="bbox 192 3015 1159 3089; baseline 0.005 -24"><span class='ocrx_word' id='word_1_254' title='bbox 192 3023 218 3066; x_wconf 86' lang='lat' dir='ltr'>et</span> <span class='ocrx_word' id='word_1_255' title='bbox 235 3015 285 3071; x_wconf 87' lang='lat' dir='ltr'>Kr.</span> <span class='ocrx_word' id='word_1_256' title='bbox 304 3020 381 3069; x_wconf 82' lang='lat' dir='ltr'>verbu</span> <span class='ocrx_word' id='word_1_257' title='bbox 400 3036 435 3070; x_wconf 71' lang='lat' dir='ltr'>ece</span> <span class='ocrx_word' id='word_1_258' title='bbox 455 3020 575 3086; x_wconf 69' lang='lat' dir='ltr'>rucupi„</span> <span class='ocrx_word' id='word_1_259' title='bbox 594 3031 621 3072; x_wconf 82' lang='lat' dir='ltr'>ut</span> <span class='ocrx_word' id='word_1_260' title='bbox 653 3025 761 3082; x_wconf 84' lang='lat' dir='ltr'>uidetur,</span> <span class='ocrx_word' id='word_1_261' title='bbox 788 3024 964 3089; x_wconf 80' lang='lat' dir='ltr'>imprudenter</span> <span class='ocrx_word' id='word_1_262' title='bbox 989 3024 1159 3088; x_wconf 82' lang='lat' dir='ltr'>interpolata:</span> 
     </span>
     <span class='ocr_line' id='line_1_32' title="bbox 190 3083 1162 3156; baseline 0.007 -23"><span class='ocrx_word' id='word_1_263' title='bbox 190 3087 279 3134; x_wconf 80' lang='lat' dir='ltr'>nemis</span> <span class='ocrx_word' id='word_1_264' title='bbox 296 3089 396 3152; x_wconf 82' lang='lat' dir='ltr'>utrique</span> <span class='ocrx_word' id='word_1_265' title='bbox 414 3089 471 3138; x_wconf 78' lang='lat' dir='ltr'>buin</span> <span class='ocrx_word' id='word_1_266' title='bbox 486 3091 577 3154; x_wconf 80' lang='lat' dir='ltr'>penen&#39;</span> <span class='ocrx_word' id='word_1_267' title='bbox 584 3093 726 3154; x_wconf 82' lang='lat' dir='ltr'>praemittit</span> <span class='ocrx_word' id='word_1_268' title='bbox 743 3092 851 3142; x_wconf 75' lang='lat' dir='ltr'>tacere:</span> <span class='ocrx_word' id='word_1_269' title='bbox 870 3087 939 3142; x_wconf 77' lang='lat' dir='ltr'>Elei</span> <span class='ocrx_word' id='word_1_270' title='bbox 952 3087 986 3142; x_wconf 80' lang='grc' dir='ltr'>δέ</span> <span class='ocrx_word' id='word_1_271' title='bbox 1000 3105 1079 3150; x_wconf 71' lang='grc' dir='ltr'><strong><em>τινες</em></strong></span> <span class='ocrx_word' id='word_1_272' title='bbox 1092 3083 1162 3156; x_wconf 75' lang='grc' dir='ltr'><em>ἄγω·</em></span> 
     </span>
     <span class='ocr_line' id='line_1_33' title="bbox 190 3147 1161 3232; baseline 0.014 -30"><span class='ocrx_word' id='word_1_273' title='bbox 190 3147 254 3230; x_wconf 68' lang='lat' dir='ltr'>perf,</span> <span class='ocrx_word' id='word_1_274' title='bbox 268 3150 432 3232; x_wconf 57' lang='lat' dir='ltr'>mireveeflc</span> <span class='ocrx_word' id='word_1_275' title='bbox 445 3148 477 3206; x_wconf 79' lang='grc' dir='ltr'>τό</span> <span class='ocrx_word' id='word_1_276' title='bbox 491 3155 623 3224; x_wconf 74' lang='grc' dir='ltr'>διπλοῦν,</span> <span class='ocrx_word' id='word_1_277' title='bbox 646 3148 738 3226; x_wconf 74' lang='grc' dir='ltr'>ἤγουν</span> <span class='ocrx_word' id='word_1_278' title='bbox 757 3155 798 3219; x_wconf 76' lang='grc' dir='ltr'>εἰς</span> <span class='ocrx_word' id='word_1_279' title='bbox 811 3152 843 3210; x_wconf 76' lang='grc' dir='ltr'>τό</span> <span class='ocrx_word' id='word_1_280' title='bbox 856 3157 994 3225; x_wconf 73' lang='grc' dir='ltr'>τριπλοῦν</span> <span class='ocrx_word' id='word_1_281' title='bbox 1007 3149 1112 3224; x_wconf 71' lang='grc' dir='ltr'>(ἤγουν</span> <span class='ocrx_word' id='word_1_282' title='bbox 1125 3154 1161 3215; x_wconf 73' lang='lat' dir='ltr'>eft</span> 
     </span>
     <span class='ocr_line' id='line_1_34' title="bbox 191 3223 1160 3292; baseline 0.004 -24"><span class='ocrx_word' id='word_1_283' title='bbox 191 3234 223 3268; x_wconf 80' lang='lat' dir='ltr'>au</span> <span class='ocrx_word' id='word_1_284' title='bbox 236 3223 414 3286; x_wconf 71' lang='lat' dir='ltr'>nerpuninvv</span> <span class='ocrx_word' id='word_1_285' title='bbox 425 3227 458 3276; x_wconf 83' lang='lat' dir='ltr'>al.</span> <span class='ocrx_word' id='word_1_286' title='bbox 477 3226 562 3292; x_wconf 59' lang='lat' dir='ltr'>eade..</span> <span class='ocrx_word' id='word_1_287' title='bbox 581 3233 608 3276; x_wconf 85' lang='lat' dir='ltr'>ut</span> <span class='ocrx_word' id='word_1_288' title='bbox 626 3235 768 3292; x_wconf 83' lang='lat' dir='ltr'>appareat,</span> <span class='ocrx_word' id='word_1_289' title='bbox 791 3229 909 3290; x_wconf 77' lang='lat' dir='ltr'>primitur</span> <span class='ocrx_word' id='word_1_290' title='bbox 932 3235 1066 3291; x_wconf 80' lang='lat' dir='ltr'>utramque</span> <span class='ocrx_word' id='word_1_291' title='bbox 1081 3228 1160 3290; x_wconf 80' lang='lat' dir='ltr'>fuisse</span> 
     </span>
     <span class='ocr_line' id='line_1_35' title="bbox 190 3286 1161 3360; baseline 0.006 -24"><span class='ocrx_word' id='word_1_292' title='bbox 190 3286 322 3353; x_wconf 80' lang='lat' dir='ltr'>seriptum)</span> <span class='ocrx_word' id='word_1_293' title='bbox 340 3287 560 3357; x_wconf 72' lang='grc' dir='ltr'><strong><em>ποιοῦνταιτὴν</em></strong></span> <span class='ocrx_word' id='word_1_294' title='bbox 571 3293 743 3360; x_wconf 72' lang='grc' dir='ltr'><strong><em>καταδίκην.</em></strong></span> <span class='ocrx_word' id='word_1_295' title='bbox 767 3295 945 3359; x_wconf 80' lang='lat' dir='ltr'>sequunturin</span> <span class='ocrx_word' id='word_1_296' title='bbox 963 3297 1066 3358; x_wconf 81' lang='lat' dir='ltr'>duplum</span> <span class='ocrx_word' id='word_1_297' title='bbox 1084 3295 1161 3344; x_wconf 85' lang='lat' dir='ltr'>aetio·</span> 
     </span>
     <span class='ocr_line' id='line_1_36' title="bbox 190 3357 1161 3426; baseline 0.014 -31"><span class='ocrx_word' id='word_1_298' title='bbox 190 3364 236 3397; x_wconf 84' lang='lat' dir='ltr'>nes</span> <span class='ocrx_word' id='word_1_299' title='bbox 252 3357 375 3406; x_wconf 81' lang='lat' dir='ltr'>adversus</span> <span class='ocrx_word' id='word_1_300' title='bbox 400 3359 551 3418; x_wconf 74' lang='lat' dir='ltr'>infitiantes.</span> <span class='ocrx_word' id='word_1_301' title='bbox 580 3362 671 3411; x_wconf 82' lang='lat' dir='ltr'>deinde</span> <span class='ocrx_word' id='word_1_302' title='bbox 689 3366 715 3411; x_wconf 84' lang='lat' dir='ltr'>t&#39;n</span> <span class='ocrx_word' id='word_1_303' title='bbox 731 3365 790 3426; x_wconf 82' lang='lat' dir='ltr'>plus</span> <span class='ocrx_word' id='word_1_304' title='bbox 807 3377 881 3426; x_wconf 82' lang='lat' dir='ltr'>quam</span> <span class='ocrx_word' id='word_1_305' title='bbox 907 3363 1023 3425; x_wconf 70' lang='lat' dir='ltr'>emptum</span> <span class='ocrx_word' id='word_1_306' title='bbox 1049 3365 1161 3412; x_wconf 78' lang='lat' dir='ltr'>actiones</span> 
     </span>
    </p>
   </div>
   <div class='ocr_carea' id='block_1_7' title="bbox 191 3415 1219 3534">
    <p class='ocr_par' dir='ltr' id='par_1_8' title="bbox 191 3415 1219 3534">
     <span class='ocr_line' id='line_1_37' title="bbox 191 3415 1219 3534; baseline 0.01 -66"><span class='ocrx_word' id='word_1_307' title='bbox 191 3415 405 3534; x_wconf 56' lang='lat' dir='ltr'>ifpgmlappeersue</span> <span class='ocrx_word' id='word_1_308' title='bbox 422 3427 578 3486; x_wconf 78' lang='lat' dir='ltr'>confitenter.</span> <span class='ocrx_word' id='word_1_309' title='bbox 664 3426 685 3491; x_wconf 87' lang='lat'>⁴)</span> <span class='ocrx_word' id='word_1_310' title='bbox 766 3437 910 3480; x_wconf 82' lang='lat' dir='ltr'>noereetur</span> <span class='ocrx_word' id='word_1_311' title='bbox 932 3430 992 3491; x_wconf 81' lang='lat' dir='ltr'>fere</span> <span class='ocrx_word' id='word_1_312' title='bbox 1010 3449 1045 3470; x_wconf 85' lang='lat'>=</span> <span class='ocrx_word' id='word_1_313' title='bbox 1064 3429 1121 3481; x_wconf 80' lang='lat' dir='ltr'>Gai.</span> <span class='ocrx_word' id='word_1_314' title='bbox 1138 3430 1161 3483; x_wconf 86' lang='lat'>4,</span> <span class='ocrx_word' id='word_1_315' title='bbox 1218 3441 1219 3505; x_wconf 59' lang='lat' dir='ltr'>p</span> 
     </span>
    </p>
   </div>
   <div class='ocr_carea' id='block_1_8' title="bbox 0 0 1236 3916">
    <p class='ocr_par' dir='ltr' id='par_1_9' title="bbox 0 0 1236 3916">
     <span class='ocr_line' id='line_1_38' title="bbox 0 0 1236 3916; baseline 0 0"><span class='ocrx_word' id='word_1_316' title='bbox 0 0 1236 3916; x_wconf 95' lang='lat' dir='ltr'> </span> 
     </span>
    </p>
   </div>
  </div>
 </body>
</html>
