2464 3916
404 216 441 252 oa
459 217 533 252 aas}
551 216 676 260 rounam
693 203 741 266 IV,
759 207 783 254 d
1025 207 1087 270 163

109 357 221 430 ‘quanti
235 357 263 412 id
278 359 305 412 in
320 373 355 412 eo
370 373 441 412 anno
455 357 565 430 plurimi
585 358 687 415 lncrit'
701 359 747 415 illa
761 362 896 416 sententia
915 365 1086 436 exprimitur,

109 449 142 498 nt
156 443 180 497 si
202 443 263 515 quis
283 443 420 498 hominem
442 451 535 514 tuum,
560 446 608 516 qui
627 443 708 500 hodie
727 444 840 501 claudus
859 453 908 502 aut
926 446 1019 504 luscus
1039 460 1086 505 aut

108 543 220 582 manuus
240 528 309 597 erit,
330 527 476 596 occiderit,
497 529 544 600 qui
563 530 592 582 in
612 545 646 584 eo
668 545 739 584 anno
759 531 868 603 integer
885 540 932 587 aut
946 535 1085 606 pretiosus

107 611 208 681 luerit,
229 627 285 666 non
305 613 374 666 tanti
388 619 530 683 teneatur,
552 615 647 686 quanti
661 614 685 668 is
700 612 782 668 hodie
797 617 864 684 erit,
885 617 933 672 sed
949 621 1043 690 quanti
1057 621 1085 674 in

109 712 142 751 eo
155 711 231 750 anno
252 695 360 769 plurimi
380 695 472 751 luerit.
508 713 560 770 qua
581 699 687 753 ratione
708 697 841 754 creditum
858 709 916 770 est,
943 703 1085 774 poenalem

108 797 169 840 esse
184 780 265 835 huius
279 780 349 854 legis
365 783 515 851 actionem,
536 783 598 855 qnia
618 798 675 838 non
690 782 779 838 solum
800 783 869 839 tanti
885 786 1002 859 quisque
1018 786 1085 843 obli-

109 873 201 939 gatnr,
213 871 344 938 quantum
354 864 444 920 damni
456 865 571 937 dederit,
586 865 635 922 scd
646 865 789 940 aliquando
799 867 882 942 longe
892 869 994 942 pluris:
1009 871 1094 940 idco·¹

108 965 162 1022 que
174 957 291 1021 constat,
306 951 334 1004 in
345 950 473 1005 heredem
488 967 546 1005 oam
556 953 689 1007 actionem
701 967 756 1006 non
771 953 898 1023 transire,
914 969 983 1026 quae
998 962 1085 1010 trans·

108 1035 181 1090 itura
206 1033 321 1105 luissm,
352 1035 377 1088 si
401 1034 473 1089 ultra
500 1034 628 1091 damnum
654 1052 802 1110 numquam
827 1035 860 1092 lis
886 1039 1082 1095 aestimaretur.
1227 1079 1228 1120 ,

108 1117 179 1174 lllud
198 1135 255 1174 non
274 1135 307 1174 ex
327 1117 417 1174 verbis
438 1119 523 1192 logis,
544 1119 592 1176 sed
608 1137 642 1176 cx
654 1121 882 1195 interpretatione
896 1121 1013 1195 placuit,
1028 1140 1084 1180 non
1103 1137 1136 1187 ιο

109 1203 199 1258 solum
212 1205 347 1276 perempti
362 1205 485 1276 corporis
507 1207 722 1261 aestimationem
738 1205 886 1262 hahendam
907 1223 968 1264 esse
988 1225 1085 1265 secuu-
1227 1203 1228 1222 ¹

3 1335 4 1372 3
111 1286 175 1348 (hm
189 1303 229 1358 ea,
243 1303 314 1360 quae
328 1285 454 1358 dinmus,
469 1288 517 1344 sed
533 1306 566 1344 eo
581 1290 696 1364 amplius
708 1289 841 1364 quidquid
855 1300 1007 1364 praeterea,
1022 1311 1085 1368 per·

113 1379 202 1444 empto
223 1388 255 1426 eo
271 1388 404 1445 corpore,
424 1372 514 1428 damni
535 1372 611 1428 vobis
626 1375 743 1430 adlatum
758 1374 855 1438 luerit,
877 1375 961 1432 veluti
982 1379 1006 1432 si
1026 1395 1083 1434 ser·

109 1473 173 1510 vum
187 1463 264 1510 tuum
286 1456 414 1512 heredem
435 1456 469 1512 an
489 1457 580 1531 aliquo
601 1459 756 1514 institutum
778 1467 840 1514 ante
860 1461 921 1532 quis
942 1462 1083 1532 occiderit,

109 1557 190 1613 quam
204 1540 227 1597 is
241 1541 318 1596 iussu
333 1547 381 1596 tuo
397 1540 496 1597 adiret:
516 1559 577 1597 nam
599 1543 756 1598 hereditatis
775 1557 887 1617 quoque
908 1545 1020 1601 amissae
1042 1564 1084 1601 ra·

107 1627 212 1680 tionem
228 1641 288 1680 esse
303 1624 452 1680 habendam
467 1634 583 1682 constat.
614 1627 679 1682 item
695 1629 718 1682 si
733 1643 766 1682 cr
781 1629 839 1701 pari
854 1629 987 1684 mularum
1003 1647 1083 1686 unam
1188 1663 1191 1668 -
1227 1629 1228 1634 ’

107 1709 151 1765 vel
167 1725 199 1764 ex
214 1709 345 1783 quadriga
357 1727 490 1783 equorum
502 1727 585 1766 unum
601 1711 740 1783 occiderit,
755 1712 798 1768 vel
814 1729 846 1768 ex
857 1713 995 1772 comoedis
1014 1732 1083 1772 tinus

106 1809 203 1850 servus
218 1793 302 1850 luerit
321 1796 441 1850 occisus:
462 1812 518 1852 non
538 1796 628 1852 solnm
644 1799 726 1853 occisi
746 1795 777 1853 fit
792 1800 958 1870 aestimatio,
978 1801 1027 1856 sed
1049 1817 1083 1856 eo

107 1877 223 1952 amplius
238 1879 266 1934 id
281 1895 391 1953 quoque
406 1889 589 1954 computatur,
606 1890 708 1954 quanto
724 1882 868 1956 depretiati
883 1892 958 1956 sunt,
975 1887 1021 1958 qui
1038 1903 1083 1941 su·

107 1971 232 2037 persunt.
262 1961 387 2020 Liberum
402 1972 446 2020 est
460 1974 549 2020 autem
562 1967 602 2036 ei,
618 1968 694 2022 euius
710 1983 804 2022 servus
819 1967 901 2024 luerit
917 1970 1039 2040 occisus,
1055 1975 1083 2023 ct
1102 1980 1132 2028 11

107 2049 213 2121 privato
228 2047 327 2104 iudicio
342 2047 411 2122 legis
426 2050 547 2122 Aquiliae
563 2049 689 2105 damnum
704 2052 832 2124 persequi
853 2059 880 2106 et
895 2051 1015 2124 capitalis
1032 2054 1083 2108 cri·

107 2133 188 2188 minis
202 2125 284 2187 eum¹
298 2149 376 2188 reum
390 2133 487 2190 lacere.
1227 2177 1228 2196 ι

174 2216 259 2290 Caput
279 2217 429 2273 secundum
449 2218 518 2292 legis
539 2217 660 2291 Aquiliae
681 2219 708 2272 in
731 2233 783 2272 usu
804 2233 860 2273 non
881 2225 932 2272 est.
969 2210 1082 2292 ²Capite
1101 2227 1133 2275 12
1163 2219 1167 2226 ⁴
1227 2241 1228 2294 j

110 2303 192 2358 tertio
214 2301 247 2357 de
269 2304 342 2358 omni
361 2310 454 2358 cetero
475 2301 572 2358 damno
594 2311 712 2358 cavetur.
749 2301 843 2376 ltaque
858 2303 882 2356 si
897 2303 959 2375 quis
974 2319 1083 2359 servum
1101 2311 1133 2362 13

109 2386 153 2442 vel
168 2402 225 2442 eam
241 2386 452 2460 quadrupedem,
468 2402 537 2460 quae
551 2385 685 2460 pecudum
700 2403 814 2442 numero
830 2394 887 2458 est,
903 2387 1084 2444 vulneraverit

45 2520 50 2527 .
109 2472 166 2526 sive
181 2487 238 2526 eam
255 2471 473 2544 quadrupedem,
489 2487 557 2544 quae
571 2470 706 2544 pecudum
722 2487 834 2526 numero
849 2488 905 2527 non
920 2480 977 2544 est,
989 2467 1083 2529 'veluti

111 2571 204 2610 canem
219 2563 265 2610 aut
280 2555 363 2611 leram
379 2554 502 2626 bestiam,
518 2555 697 2611 vulneraverit
711 2563 758 2611 aut
773 2555 913 2628 occiderit,
929 2557 981 2613 hoc
996 2559 1083 2631 capite

110 2641 181 2696 aetio
197 2641 381 2696 constituitur.
411 2641 439 2695 in
454 2642 552 2696 ceteris
570 2657 680 2714 quoque
695 2639 818 2697 omnibns
834 2640 1002 2714 animalibus,
1016 2643 1082 2697 item

109 2726 138 2780 in
155 2723 278 2779 omnibus
300 2723 397 2795 rebus,
420 2741 488 2798 quae
508 2726 594 2780 anima
614 2733 722 2794 carent,
738 2724 864 2780 damnum
879 2725 975 2779 iniuria
991 2724 1082 2780 datum

111 2810 161 2864 hac
180 2804 257 2882 parte
278 2809 437 2865 vindicatur.
482 2809 591 2882 siquid
617 2811 687 2864 enim
713 2817 805 2865 ustum
830 2816 876 2863 aut
900 2815 1011 2881 ruptum
1037 2816 1083 2864 aut

111 2894 227 2950 fractum
248 2893 346 2965 luerit,
368 2895 438 2950 actio
460 2910 491 2949 ex
519 2894 572 2949 hoc
593 2895 680 2967 cupite
706 2894 897 2949 constituitur:
921 2909 1082 2966 quamquam

110 2970 252 3052 potuerit3
267 2979 325 3034 sola
340 2979 413 3052 rupti
428 2978 572 3052 appellatio
593 2979 621 3033 in
641 2994 735 3034 omues
754 2979 821 3032 istas
835 2994 928 3034 causas
943 2976 1082 3033 sufficere:

111 3069 222 3136 ruptum
238 3065 308 3136 enim
325 3063 493 3137 intellegitur
508 3079 619 3137 quoquo
633 3062 714 3118 modo
726 3059 916 3136 corruptum.4
940 3061 1013 3118 unde
1028 3077 1083 3117 non

180 3293 200 3362 ¹)
218 3297 334 3359 fortusse
360 3297 491 3360 lependum
516 3293 636 3344 criminis
664 3293 849 3344 criminosum.
935 3289 957 3357 ²)
973 3292 1032 3355 fere
1050 3311 1083 3332 =

95 3361 171 3418 'dat
190 3367 220 3424 8,
239 3364 298 3414 217.
381 3361 401 3426 ³)
422 3363 476 3413 (lui.
495 3363 599 3428 poterit
616 3357 691 3414 codd.
711 3369 759 3415 oet.
779 3363 819 3412 cd.
836 3361 888 3412 Kr.
908 3363 1019 3424 poterut
1037 3361 1083 3408 ali·

111 3435 155 3499 qut·
176 3434 255 3496 inser.
275 3421 389 3498 ἐξήρκει
409 3431 530 3494 Theopln
582 3429 604 3492 4)
623 3431 661 3480 sic
679 3432 715 3480 ult
732 3433 758 3480 ui
775 3430 849 3480 codd.
869 3428 946 3491 infer.
970 3427 1083 3491 Tleopd.

112 3515 221 3565 quoquo
249 3500 299 3564 (vel
316 3499 442 3565 quodquo
468 3501 508 3548 uel
532 3449 730 3564 quodquoquol
759 3496 838 3546 modo
866 3499 1022 3560 corruptum
1039 3495 1084 3544 'est

864 3574 928 3638 11*
