2484 3916
171 233 214 300 64
399 249 435 284 ns
456 247 588 284 urursnr
606 244 789 282 rrsruunrsro
808 231 845 292 ΙΙ,
867 231 907 280 lt.

171 393 225 449 litis
241 399 326 447 testes
343 383 494 461 existent,¹
517 391 564 464 qui
579 379 757 460 adfirment,²
777 403 807 444 se
822 387 929 444 audisse
945 387 1081 443 dicentem
1097 387 1146 442 ali·

172 491 277 550 quem,
290 475 444 548 relinquere
464 491 494 532 se
514 473 600 544 bona,
622 474 666 528 cui
686 473 772 528 visum
787 474 839 545 sit,
861 481 888 528 et
908 489 958 546 per
977 471 1031 528 hoc
1046 471 1146 527 iudicia

137 569 153 617 2
170 577 234 618 vera
243 559 445 616 subvertentur.
453 551 478 594 ³⁹
506 557 575 626 Quin
586 559 668 614 immo
682 563 709 613 et
719 565 810 612 mutus
822 565 850 612 et
860 555 959 612 surdus
971 555 1050 614 miles
1064 563 1146 612 testa·

137 654 154 702 3
172 653 293 702 mentum
308 644 397 700 iacere
412 637 536 718 potest.⁴
571 641 625 698 Sed
639 642 770 698 hactenus
786 643 843 698 hoc¹
853 641 906 698 illis
921 659 935 696 a
949 641 1144 716 principalibus

171 728 415 786 constitutionibus
430 727 604 798 conceditur,
621 733 755 800 quatenus
770 727 885 783 militant
900 732 928 782 et
942 727 971 782 iu
985 727 1080 782 castris
1097 725 1144 782 de·
1233 775 1234 786 ,

110 851 115 858 -
172 822 255 888 gunt:
277 821 342 888 post
363 814 521 870 missionem
535 828 600 868 vero
616 812 736 868 veterent
750 811 793 868 vel
814 818 890 866 extra
904 817 991 866 castra
1006 812 1029 866 si
1045 811 1145 866 iaciant

76 887 84 904 ’
172 898 259 956 adhuc
279 898 426 955 militantes
448 904 656 968 testamentum,
677 897 813 952 communi
836 896 955 951 omnium
976 896 1075 950 civium
1090 893 1145 950 lio·

170 999 312 1040 manorum
328 985 386 1040 iure
402 982 490 1038 lacere
505 980 614 1037 debent.
646 989 674 1038 et
690 981 762 1054 quod
778 982 805 1038 in
821 981 915 1036 castris
930 979 1046 1036 iecerint
1060 987 1144 1036 testa·

171 1077 292 1124 mentum
307 1083 363 1122 nou
379 1067 514 1124 communi
530 1067 604 1138 iure,
619 1065 667 1122 sed
684 1065 821 1140 quomodo
835 1065 985 1136 voluerint,
1001 1071 1066 1138 post
1079 1066 1144 1119 mis·

171 1153 277 1208 sionem
291 1153 363 1208 intra
374 1168 474 1208 annum
488 1156 594 1208 tantum
605 1149 713 1208 valebit.
737 1150 802 1224 quid
816 1151 912 1223 igitur,
927 1151 951 1206 si
961 1150 1031 1206 iutra
1043 1165 1143 1206 manum

172 1235 281 1309 quidem
296 1235 454 1309 decesserit,
470 1236 593 1292 condicio
607 1243 697 1292 autem
712 1235 805 1292 heredi
820 1234 954 1308 adscripta
968 1241 1032 1308 post
1043 1251 1143 1290 annum

171 1321 310 1377 extiterit?
345 1338 379 1376 an
399 1322 475 1395 quasi
496 1321 589 1377 militis
608 1327 800 1376 testamentum
816 1319 918 1376 valeat?
938 1325 965 1374 et
979 1319 1083 1394 placet,
1100 1336 1143 1374 ve·

137 1405 154 1452 4
171 1403 228 1462 lere
249 1407 326 1478 quasi
346 1407 450 1464 militis.
487 1405 540 1462 Sed
555 1413 584 1462 et
599 1407 622 1462 si
637 1406 697 1478 quis
713 1412 775 1460 aute
790 1404 910 1460 militiam
925 1419 981 1462 non
1001 1405 1062 1460 iure
1078 1404 1144 1460 iecit

171 1497 364 1548 testamentum
380 1499 409 1548 et
423 1491 500 1548 miles
521 1490 609 1546 iactus
625 1499 653 1546 et
667 1492 694 1546 in
709 1488 881 1564 expeditione
903 1489 1006 1563 degens
1021 1491 1143 1564 resigna·

171 1576 210 1631 vit
224 1574 292 1630 illud
308 1584 336 1630 et
351 1575 481 1649 quaedam
497 1575 594 1632 adiecit
608 1576 665 1631 sive
680 1574 797 1630 deuexit
808 1573 851 1630 vel
865 1573 929 1629 alias
945 1573 1086 1630 manifesta
1102 1582 1144 1630 est

171 1659 264 1716 militis
279 1660 405 1716 voluntas
420 1661 473 1718 hoc
487 1661 576 1716 valere
588 1659 716 1731 volentis,
731 1658 873 1715 dicendum
889 1666 941 1729 est,
958 1658 1046 1714 valere
1060 1667 1144 1714 testa·

138 1745 154 1792 b
172 1750 293 1798 mentum
309 1746 386 1816 quasi
402 1760 435 1798 ex
450 1761 519 1800 nova
534 1743 626 1800 militis
637 1743 787 1800 voluntate.
821 1736 958 1816 ⁵llenique
973 1751 1001 1800 et
1016 1744 1039 1800 si
1053 1745 1082 1799 in
1098 1743 1143 1798 ad·

99 1839 101 1842 ·
171 1828 344 1899 rogationem
359 1827 439 1884 datus
454 1827 537 1884 luerit
552 1827 629 1886 miles
640 1828 682 1884 vel
698 1826 883 1884 filiusfamilias
895 1829 1077 1902 emancipatus
1089 1835 1143 1899 est,

170 1917 364 1967 testamentum
376 1913 434 1968 eius
446 1914 522 1986 quasi
537 1912 629 1969 militis
641 1929 673 1970 eu
688 1928 757 1969 nove
772 1912 912 1970 voluntate
922 1912 993 1970 valet
1007 1929 1059 1970 nec
1069 1912 1143 1968 vide·

172 2003 218 2050 tur
233 1997 327 2070 capitis
342 1995 528 2054 deminutione
542 1998 650 2054 irritum
665 1995 734 2054 lieri.

138 2081 154 2129 6
235 2080 379 2140 Sciendum
402 2092 491 2140 tamen
506 2091 563 2155 est,
580 2083 653 2157 quod
669 2082 701 2139 ad
717 2081 869 2156 exemplum
884 2083 1028 2138 cestrensis
1043 2083 1145 2156 peculii

171 2175 225 2222 tem
235 2169 385 2224 anteriores
399 2168 476 2243 leges
492 2185 570 2242 quam
582 2167 746 2244 principales
757 2167 966 2225 constitutiones
982 2166 1144 2241 quibusdam
1236 2223 1237 2230 ,

172 2253 249 2326 quasi
269 2255 416 2310 castrensia
436 2253 571 2310 dederunt
590 2253 712 2327 peculia,
738 2261 820 2326 atque
841 2244 957 2308 eorum6
982 2251 1144 2326 quibusdam

170 2337 333 2408 permissum
354 2345 412 2392 erat
432 2340 512 2394 etiam
533 2339 561 2394 in
583 2344 719 2410 potestate
739 2336 901 2411 degentibus
921 2337 1025 2394 testari
1067 2336 1140 2410 quod

118 2421 120 2426 '
170 2426 265 2474 nostra
285 2415 465 2476 constitutio'
486 2420 567 2476 latius
589 2421 754 2494 extendens,
775 2423 897 2496 permisit
915 2419 1040 2478 omnibus
1056 2423 1083 2478 in
1098 2421 1142 2476 bis

171 2503 359 2559 tantummodo
374 2504 488 2576 peculiis
504 2505 598 2560 testari
613 2505 736 2579 quidem,
759 2505 808 2562 sed
822 2507 881 2562 iure
896 2507 1045 2562 comminui:
1063 2507 1143 2562 cuius

171 2587 376 2644 constitutionis
397 2595 494 2646 tencre
514 2597 658 2662 perspecto
674 2591 781 2648 licentia
796 2598 838 2646 est
853 2590 919 2650 nibil
940 2607 1051 2662 eorum,
1072 2607 1145 2664 quae

171 2671 204 2728 ad
218 2672 370 2746 praelatum
384 2674 427 2729 ius
443 2674 596 2747 pertinent,
611 2675 746 2749 ignorare.

170 2805 375 2814 --—.--.-—

241 2887 260 2951 1)
277 2892 316 2940 sic
334 2892 411 2944 codd.
432 2889 544 2954 Tdeopli.
564 2891 716 2942 existerent
733 2893 794 2958 Dip.
813 2895 871 2944 edd
890 2893 964 2946 Scdr
983 2898 1009 2942 et
1026 2891 1078 2944 Kr
1123 2889 1146 2954 ἱ)

172 2954 351 3008 adfirmarent
377 2959 452 3010 codd
480 2959 540 3024 Dia.
568 2961 626 3010 edd.
655 2959 730 3013 Sclr.
757 2967 783 3011 et
807 2961 858 3011 Kr.
886 2949 1147 3027 διαβεβαιούμενοι

175 3023 285 3088 Tbeopd.
371 3024 392 3087 ⁸)
410 3028 448 3075 sic
469 3026 582 3091 Tbeopd
601 3027 800 3078 subvertuntur
816 3031 893 3081 codd.
910 3030 968 3094 Diq.
986 3029 1046 3080 edd.
1065 3025 1146 3078 Scor

171 3099 197 3141 et
215 3092 265 3145 Kr.
351 3089 373 3156 ⁴)
391 3095 468 3147 codd.
490 3095 568 3158 inser.
595 3095 707 3160 Tdeopd
749 3105 845 3148 ossunt
862 3098 938 3150 codd
956 3101 1006 3148 oet.
1027 3095 1068 3146 ed
1088 3096 1145 3145 Kr.

171 3157 244 3221 ⁵)=
261 3160 295 3215 L.
315 3163 357 3211 22.
376 3161 410 3213 D.
437 3163 470 3212 de
495 3165 544 3212 mil.
569 3170 627 3213 lesi
647 3112 746 3227 (221)
771 3181 807 3216 eac
825 3165 956 3214 Marciani
980 3166 997 3217 i.
1016 3164 1145 3220 tinem,

170 3234 229 3304 aaut:
309 3225 330 3294 ο)
347 3230 450 3292 scripsi.
470 3246 504 3280 ex
527 3246 639 3296 quorum
657 3232 690 3290 B,
711 3236 739 3282 et
757 3247 871 3298 quorum
892 3230 957 3292 W,
974 3233 1023 3282 ior·
1042 3230 1071 3280 0·
1090 3229 1145 3282 καὶ

170 3309 284 3354 τουτοις
306 3295 418 3360 Tbeopb.
437 3311 552 3362 qnorum
570 3300 644 3349 codd.
663 3301 740 3363 infer.
760 3303 800 3351 ed.
819 3299 871 3354 Kr.
956 3295 977 3364 l)
996 3300 1029 3350 L.
1049 3299 1136 3352 120

171 3363 215 3424 qui
232 3370 331 3418 testam
345 3364 400 3426 sac.
419 3363 454 3427 (6,
472 3363 525 3428 22).

186 3467 213 3510 9.
