2484 3916
72 171 113 236 46
378 187 412 220 on
434 183 640 223 snavrrurrsus
659 171 695 232 11,
715 172 739 223 3.

73 347 129 388 non
144 338 269 404 possunt.
296 328 383 402 qualia
403 335 467 382 sunt
489 343 536 397 ea,
561 327 676 400 quaein
696 327 755 380 iure
776 327 942 382 consistunt:
968 327 1044 381 sicut

74 415 226 488 hereditas,
242 412 432 483 ususfructus,
454 411 634 485 obligationes
648 427 758 484 quoquo
774 410 855 466 inodo
872 418 1041 466 contractae.

73 516 123 556 nee
139 499 170 554 ad
192 515 249 554 rem
264 499 398 572 pertinet,
421 496 494 570 quod
514 497 543 550 in
563 495 713 552 hereditate
733 511 777 550 res
798 494 954 568 corporales
975 511 1043 550 con·

73 585 284 640 tinentur:na1n
300 591 328 638 et
342 582 466 655 fructus,
483 582 529 654 qui
544 589 576 636 ex
597 579 682 635 fundo
697 581 895 653 percipiuntur,
911 595 1043 653 corpora·

74 667 114 723 les
130 676 194 723 sunt
209 675 237 723 et
251 667 294 738 id,
315 666 388 740 quod
410 682 443 722 ex
463 665 551 738 aliqua
566 663 732 738 obligatione
748 661 825 720 nobis
841 663 966 735 debetur,
981 663 1043 737 ple-

74 767 189 826 rumque
211 751 351 826 corporale
373 759 429 821 est,
452 749 536 806 veluti
558 748 673 820 fundus,
700 749 798 819 homo,
825 749 951 822 pecunia:
978 765 1044 803 narn

74 837 163 910 ipsum
177 838 220 892 ius
236 835 393 892 hereditatis
409 843 437 890 et
456 837 546 908 ipsum
567 835 609 889 ius
625 833 828 890 utendifruendi
850 840 878 888 et
893 834 982 906 ipsum
997 835 1044 888 ius

42 921 57 970 3
76 919 249 995 obligationis
265 918 436 993 incorporale
457 927 508 974 est.
546 917 648 974 Eodem
671 935 785 974 numero
806 925 870 973 sunt
889 919 948 972 iura
962 927 1044 990 prae·

76 1006 182 1062 diorum
201 1005 363 1060 urbanorum
379 1012 407 1059 et
421 1005 597 1075 rusticorum,
614 1011 721 1076 quaeat
737 1003 883 1060 servitutes
898 1009 1041 1058 vocantur.

503 1200 559 1240 ΤῙΤ.
572 1201 615 1242 111.

388 1303 437 1354 DE
457 1303 731 1354 suttvlTUTIBus.
815 1359 817 1365 ¹

25 1442 60 1482 1³1.
145 1419 154 1460 ¹
168 1425 341 1484 Rusticorum
355 1426 527 1500 praediorum
542 1427 601 1480 iura
622 1433 686 1480 sunt
702 1426 779 1480 haec:
799 1426 865 1495 iter,
887 1432 974 1495 aetus,
989 1425 1044 1494 via,

77 1512 291 1586 aquaeductus.
339 1513 392 1567 iter
417 1517 460 1566 est
484 1513 527 1566 ius
548 1509 645 1582 eundi,
672 1508 823 1566 ambulandi
849 1509 960 1579 homini,
986 1525 1046 1564 non

78 1599 157 1652 etiarn
173 1599 324 1652 iumentum
337 1595 436 1670 agendi
447 1595 490 1650 vel
501 1594 667 1650 vehiculum:
684 1601 759 1650 actus
775 1601 817 1649 est
831 1595 874 1649 ius
890 1592 987 1667 agendi
999 1594 1045 1649 vel

77 1682 227 1736 iumentum
248 1680 291 1734 vel
312 1679 474 1734 vehiculum.
512 1680 603 1751 itaque
626 1679 673 1752 qui
692 1681 744 1734 iter
760 1677 854 1749 habet,
877 1685 965 1733 actum
986 1693 1046 1734 non

78 1763 172 1832 habet3
190 1764 236 1836 qui
251 1771 340 1818 aetum
355 1761 450 1834 habet,
473 1769 500 1818 et
520 1763 573 1818 iter
588 1762 668 1818 habet
689 1779 777 1836 eoque
798 1763 838 1818 uti
852 1769 945 1837 potest
961 1764 1044 1817 etiam

79 1850 136 1903 sine
151 1848 282 1902 iumento.
320 1849 361 1902 via
376 1853 418 1902 est
433 1847 477 1902 ius
492 1845 574 1902 eundi
588 1853 616 1902 et
631 1847 729 1922 agendi
744 1855 772 1904 et
788 1846 952 1903 ambulandi:
980 1863 1044 1902 nam

79 1940 106 1987 et
132 1933 234 1988 iteret
259 1939 347 1986 actum
373 1933 401 1988 in
428 1932 526 1987 se-via
551 1933 682 1988 continet.
722 1949 806 2006 aquae
828 1931 925 1987 ductus
942 1933 1045 1987 estius

47 2019 58 2064 1
79 2033 161 2090 aquae
177 2015 314 2072 ducendae
329 2033 378 2090 per
393 2015 507 2073 fundum
528 2016 653 2074 alienum.
689 2016 861 2073 Praediorum
877 2015 1044 2072 urbanorum

79 2109 143 2157 sunt
170 2102 332 2173 servitutes,
359 2118 427 2177 quae
453 2100 580 2159 aedificiis
607 2103 764 2174 inhaerent,
790 2101 851 2156 ideo
878 2099 1045 2156 urbanorum

78 2186 250 2260 praediorum
276 2186 377 2259 dictae,
402 2188 529 2260 quoniam
552 2185 672 2244 aedilicia
697 2187 787 2243 omnia
812 2185 914 2242 urbana
934 2185 1047 2258 praedia

78 2271 258 2345 appellantur,
274 2273 326 2326 etsi
341 2274 369 2328 in
384 2271 447 2327 villa
462 2270 600 2326 aedificata
615 2279 688 2327 sunt.
710 2263 795 2328 item²
810 2270 983 2344 praediorum
999 2286 1047 2324 ur-

79 2353 209 2410 banorum
225 2355 370 2412 servitutes
386 2362 451 2412 sunt
465 2355 529 2410 hae:
545 2363 576 2410 ut
590 2356 692 2412 vicinus
709 2373 792 2412 onera
802 2357 881 2412 vicini
896 2356 1046 2410 sustineat:

79 2447 110 2494 ut
124 2441 152 2494 in
166 2439 297 2512 parietem
312 2439 371 2495 eius
392 2439 470 2494 liceat
491 2440 579 2514 vicino
600 2441 707 2514 tignum
722 2441 882 2496 immittere:
914 2447 944 2494 ut
964 2438 1046 2494 stilll·
1141 2449 1152 2464 ·

79 2523 176 2580 cidiurn
198 2521 241 2578 vel
262 2521 363 2580 [lumen
384 2524 495 2598 recipiat
517 2525 578 2597 quis
597 2526 626 2580 in
646 2525 728 2582 aedes
747 2541 811 2580 suas
833 2525 874 2580 vel
895 2525 922 2580 iu
943 2539 1045 2596 aream,

80 2609 121 2664 vel
136 2624 193 2664 non
207 2608 331 2682 recipiat:
359 2615 386 2664 et
400 2624 435 2663 ne
449 2607 529 2664 altius
546 2608 624 2664 tollat
640 2612 700 2683 quis
717 2609 796 2666 aedes
817 2626 894 2682 suas,
916 2626 950 2664 ne
965 2607 1045 2663 lurni-

45 2693 159 2750 tuitus
175 2693 254 2750 vicini
275 2689 418 2750 officiatur.
457 2686 510 2748 ³ln
530 2694 696 2751 rusticorum
716 2693 887 2768 praediorum
908 2694 1047 2750 servituti·

79 2773 150 2834 hus⁴¹
167 2777 275 2852 quidam
291 2778 441 2852 computari
461 2784 535 2860 recte
556 2786 653 2852 putant
674 2795 759 2854 aquae
779 2779 921 2851 haustum,
937 2778 1047 2853 pecoris

80 2862 113 2918 ad
128 2879 224 2936 aquarn
240 2863 398 2937 adpulsum,
419 2863 461 2919 ius
476 2863 620 2936 pascendi,
641 2864 721 2920 calcis
743 2864 914 2939 coquendae,
931 2863 1048 2919 harenae

80 2946 231 3002 fodiendae.
979 2945 987 2961 “

80 3097 283 3107 -.-.-—--

149 3196 169 3259 ¹)
185 3197 334 3258 sere2L.
356 3200 429 3262 lpr.
443 3198 476 3250 D.
496 3200 528 3248 de
544 3213 610 3250 sero.
629 3215 671 3263 pr.
686 3207 753 3258 run.
773 3199 806 3262 (8,
820 3196 847 3264 3)
867 3214 901 3248 eae
922 3197 979 3261 Uip.
999 3199 1047 3246 te

80 3269 137 3316 inst.
172 3263 193 3327 ²)
211 3267 291 3316 malim
308 3267 381 3315 inter
415 3264 435 3326 ³)
453 3266 493 3327 ἓξ.
513 3268 536 3318 2.
555 3269 580 3318 3.
598 3267 675 3316 =t.
696 3269 720 3316 1.
738 3267 762 3327 ἕ,
778 3269 800 3319 1.
819 3268 876 3319 eod.
899 3266 931 3314 L.
947 3268 969 3314 1.
983 3265 1008 3325 ἐ.
1022 3266 1047 3313 1:

80 3334 114 3383 D.
133 3335 164 3382 de
182 3349 247 3386 sero.
266 3351 308 3398 pr.
327 3333 384 3385 urb.
403 3334 437 3397 (8,
472 3331 536 3400 )ea¹.
556 3335 613 3398 otp.
633 3337 649 3386 l.
667 3337 683 3384 2
701 3337 759 3384 inst.
828 3333 849 3397 4)
867 3333 914 3382 Εω
936 3333 1049 3395 raeopu

82 3407 107 3450 et
124 3401 182 3464 Οἱς.
202 3404 335 3451 servitute
354 3403 395 3452 ed.
419 3400 492 3454 θοὴν.
517 3403 668 3452 servitutes
694 3404 735 3452 ed.
755 3401 805 3452 Kr.
833 3419 868 3453 ιω
894 3403 952 3452 aliis
970 3401 1046 3453 codd.

81 3467 204 3518 Fortasse
222 3471 356 3520 comodum
374 3472 494 3534 quosdam
513 3471 587 3524 codd.
607 3473 668 3536 lep:
687 3472 760 3520 inter
777 3487 797 3526 r.
815 3485 842 3534 p.
861 3470 1018 3520 servitutes.
