2484 3916
229 191 265 226 nu
284 191 351 226 runc
371 189 555 226 runsoueuuu
573 201 607 212 -
625 190 660 224 un
680 189 817 225 incuruis
836 175 858 238 1,
872 177 897 227 3.
911 178 936 224 4.
1042 174 1060 236 ‘l

518 375 575 416 m.
589 375 632 415 ΙΠ-

358 463 408 512 DE
429 462 516 512 IURE
536 461 793 513 PERSONARUM.

129 581 135 598 ⁸
158 596 290 658 ¹Summa
304 603 395 675 itaque
410 601 505 658 divisio
520 601 554 658 de
569 603 628 657 iure
642 617 818 674 personarum
832 602 897 659 hoec
911 610 969 674 cst,
986 601 1060 677 quod
1077 612 1113 650 Pr-

88 704 188 746 omues
205 687 327 744 homines
342 693 389 742 eut
403 685 481 742 liberi
496 694 561 742 sunt
576 693 622 741 aut
637 687 717 741 servi.
756 678 813 741 2Εῑ
828 686 936 743 libertos
953 687 1061 761 quidem
1081 681 1094 727 1

88 781 150 844 cst,
166 789 200 828 cx
214 787 267 845 qua
282 769 456 827 etiam'liberi
470 778 616 841 vocantur,
632 769 761 826 naturalis
777 769 891 826 facultas
903 773 971 842 eius,
987 771 1061 845 quod

89 859 191 930 cuique
211 856 299 912 lacere
319 854 400 927 libet,
421 855 473 910 nisi
496 856 519 910 si
540 855 605 929 quid
626 863 674 910 aut
691 856 717 910 ri
739 861 786 910 eut
808 856 867 912 iure
887 854 1059 930 prohibetur.

89 942 214 997 Servitus
231 948 320 996 nutem
337 947 379 996 est
395 940 557 996 constitutio
572 941 638 994 iuris
650 941 789 1014 gentium,
806 957 858 1014 que
870 941 931 1014 quis
942 939 1062 996 dominio
1080 938 1095 984 2

88 1026 182 1082 alieno
198 1032 293 1082 contra
307 1032 430 1080 naturum
446 1023 587 1080 subicitur.
624 1023 700 1080 Servi
716 1032 806 1080 autem
827 1041 859 1080 ex
881 1041 914 1080 eo
935 1024 1063 1098 appellati
1080 1023 1095 1069 3

89 1118 177 1181 sunt,
198 1109 272 1184 quod
292 1110 470 1182 imperotores
492 1109 611 1182 captivos
637 1108 754 1183 vendere
776 1108 870 1166 iubent
890 1125 921 1165 ac
940 1125 989 1183 per
1010 1109 1062 1165 hoc

88 1211 203 1251 servare
222 1210 273 1250 nec
295 1193 419 1250 occidere
445 1192 550 1249 solent:
577 1194 624 1267 qui
650 1194 730 1249 etiam
751 1195 880 1268 mancipia
902 1193 967 1250 dicti
986 1201 1061 1265 sunt,

88 1279 169 1354 quod
184 1277 216 1334 oh
232 1277 356 1334 hostibus
371 1294 451 1334 manu
466 1279 619 1352 capiuntur.
657 1277 733 1334 Servi
748 1285 838 1333 autern
852 1285 900 1334 eut
914 1286 1064 1334 noscuntur
1079 1275 1096 1322 4

88 1371 140 1419 aut
156 1363 234 1419 liunt.
271 1370 420 1418 nascuntur
440 1378 473 1418 ex
494 1362 597 1418 ancillis
618 1363 733 1418 uostris:
760 1360 830 1418 fiunt
849 1369 896 1418 aut
916 1364 975 1418 iure
996 1379 1062 1438 gen·

88 1451 178 1519 tium,
200 1447 285 1528 idest
300 1464 333 1503 eu
348 1448 518 1522 captivitate,
541 1453 588 1502 eut
602 1449 661 1502 iure
676 1445 770 1516 cirili‚·
784 1441 889 1502 veluu³
903 1463 965 1502 cum
980 1447 1062 1502 horno

87 1533 163 1588 liber
183 1523 268 1588 maior
287 1533 384 1605 viginti
404 1533 482 1588 annis
508 1531 541 1586 ed
561 1532 679 1604 pretium
701 1530 913 1604 participandum
935 1546 997 1586 sese
1018 1546 1063 1586 vc·

87 1617 217 1673 numdari
232 1633 328 1690 passus
350 1623 402 1674 est.
437 1615 467 1671 ln
488 1631 628 1683 servorum
649 1615 809 1671 condicione
823 1614 898 1672 nulla
913 1614 1096 1670 differentla5

86 1710 144 1758 est.
184 1703 211 1758 in
226 1701 317 1757 liberis
332 1701 434 1757 multae
449 1700 615 1756 differentiae
630 1707 708 1756 sunt:
724 1706 770 1756 cut
786 1701 857 1756 enim
872 1701 984 1774 ingenui
998 1708 1063 1756 sunt

86 1793 140 1842 aut
155 1785 283 1842 libertini.
731 1779 734 1790 '

523 1965 581 2006 u1r.
593 1966 633 2005 1v.

450 2051 500 2102 Du
522 2051 706 2104 INGENUIS.

157 2194 297 2268 Ingenuus
311 2194 334 2248 is
350 2198 406 2263 est,
428 2192 597 2264 quistatim,
621 2197 650 2246 ut
665 2199 744 2246 uetus
760 2197 818 2260 est,
839 2189 907 2246 liber
926 2197 984 2261 est,
1005 2191 1062 2246 sive
1079 2219 1114 2258 Pr.

88 2297 124 2336 en
141 2277 252 2334 duobus
266 2277 392 2351 ingenuis
408 2277 580 2332 matrimonio
597 2275 701 2347 editus,
723 2275 779 2332 sive
794 2291 827 2330 ex
842 2273 990 2345 libertinis,
1006 2275 1064 2331 sive

88 2382 124 2422 en
148 2362 237 2418 altero
258 2361 397 2432 libertino,
417 2360 503 2417 altero
523 2362 671 2433 ingenuo·
692 2359 741 2416 sed
763 2367 790 2416 et
812 2361 835 2414 si
851 2360 911 2432 quis
926 2375 959 2414 cx
979 2367 1065 2414 matre

87 2449 180 2506 libere
200 2454 341 2518 nuscetur,
361 2453 438 2520 petre
458 2462 553 2516 servo,
573 2447 710 2518 ingenuus
725 2443 811 2500 nihilo
826 2445 915 2500 minus
930 2445 1064 2500 noscitur:

88 2530 322 2608 quemadmodum
338 2532 385 2604 qui
400 2546 432 2586 ex
447 2537 532 2586 matre
552 2528 635 2584 libera
657 2537 685 2588 et
698 2531 804 2586 incerto
824 2536 902 2603 patre
916 2536 996 2584 iratus
1011 2535 1065 2600 est,

90 2617 226 2692 quoniam
241 2615 325 2690 vulgo
349 2622 497 2688 conceptus
518 2621 569 2670 est.
607 2607 728 2670 ⁴sulficit
749 2620 838 2670 autern
854 2613 964 2670 liberam
979 2612 1064 2670 luisse

90 2708 212 2758 matrem
227 2717 260 2756 eo
277 2708 415 2774 tempore,
432 2715 486 2772 quo
502 2693 637 2770 nuscitur,
653 2699 716 2756 licet
731 2698 827 2754 ancille
842 2699 1007 2771 conceperit.
1037 2704 1066 2753 et

89 2805 126 2843 ex
143 2787 282 2841 contrario
303 2786 326 2840 si
341 2782 430 2840 vlilseru
451 2785 621 2857 conceperit,
645 2782 743 2840 deinde
763 2781 858 2840 ancilla
879 2781 948 2838 lactu
968 2783 1064 2855 pariat,

89 2871 199 2945 placuit
214 2886 292 2941 eum,
314 2870 361 2942 qui
375 2870 510 2939 nascitur,
530 2867 644 2924 liberum
668 2868 756 2938 nasci,
779 2867 911 2940 quianon
927 2865 1008 2922 dehet
1022 2883 1065 2922 cn·

91 2955 202 3011 lemites
218 2955 311 3010 matris
333 2955 493 3023 circuere,
520 2953 615 3026 quiin
637 2959 716 3008 utero
738 2959 789 3008 est.
827 2968 860 3008 en
881 2952 923 3007 his
949 2959 977 3008 et
998 2951 1065 3008 illud

167 3202 187 3267 1)
203 3220 247 3267 pr.
267 3204 322 3254 init.
339 3224 373 3244 =
392 3203 447 3253 cat.
467 3204 496 3261 1,
519 3204 543 3256 9.
570 3202 603 3251 1..
623 3205 646 3252 3.
667 3204 700 3251 D.
728 3203 760 3252 de
786 3207 855 3251 statu
877 3201 942 3254 hom.
967 3199 1007 3265 (1,
1027 3201 1064 3264 5).

92 3269 117 3338 ¹)
137 3272 177 3333 ἐξ.
197 3273 263 3337 1-3
275 3291 310 3312 ==
324 3271 354 3325 l..
368 3272 393 3324 4.
406 3271 439 3324 D.
459 3270 518 3322 eod.
538 3285 573 3320 ec
584 3269 729 3320 Florentius⁸
745 3270 762 3319 l.
777 3271 793 3320 9
805 3271 886 3319 instit.
939 3265 960 3333 ³)
978 3268 1067 3319 veluti

93 3356 145 3391 om.
165 3355 249 3390 omnes
271 3339 348 3390 codd.
371 3345 397 3389 et
414 3339 475 3392 edd.
496 3339 545 3388 sed
566 3331 629 3388 οἷον
655 3337 767 3401 Tlcopl.
853 3335 874 3400 ⁴)
892 3353 935 3401 pr.
954 3342 979 3386 et
996 3337 1020 3397 §-
1040 3339 1064 3386 1.

92 3410 193 3524 paptim
204 3427 238 3450 ε
249 3408 283 3461 L.
302 3407 326 3457 ὅ.
345 3407 386 3469 ἓξ.
405 3403 429 3458 2.
449 3409 473 3460 3.
492 3406 525 3460 D.
549 3407 582 3456 de
599 3411 669 3457 statu
691 3405 755 3456 lom.
775 3403 815 3470 (1,
835 3405 863 3467 ὃ)
882 3420 917 3454 ec
934 3403 1067 3454 Marciani

94 3479 114 3528 l.
168 3477 248 3526 instit.
