2484 3916
372 225 407 263 ne
426 224 522 260 nranm
540 223 687 260 nrrrsronn
706 209 744 273 11,
763 211 787 260 1.
1025 205 1066 269 41

97 385 131 424 eo
148 383 212 422 casu
233 381 401 422 communem
422 381 482 421 esse
502 367 618 438 speciem
639 381 695 422 non
715 363 862 420 dubitatur.
899 363 998 437 quodsi
1012 364 1068 419 sor·

97 453 172 508 tuito
187 461 215 507 et
230 467 286 506 non
301 449 440 506 voluntate
455 449 626 506 dominorum
648 448 777 505 contusae
797 447 898 505 inerint
918 448 960 502 vel
981 447 1068 504 disdr-

98 553 144 592 sae
160 535 287 591 materiae
307 533 349 590 vei
366 549 435 607 quae
455 533 575 589 eiusdem
596 534 705 607 generis
727 539 807 604 sunt,
828 532 898 588 idem
919 533 986 588 iuris
1008 548 1068 588 esso

97 621 209 694 placuit.
241 617 343 686 Quodsi
358 617 523 674 frumentum
539 617 603 672 Titii
623 625 672 674 tuo
694 617 831 673 frumento
847 618 959 672 mirtnm
974 616 1067 687 fuerit,
1086 629 1118 677 28

98 706 122 760 si
139 703 249 778 quidem
265 719 297 758 er
312 702 451 760 voluntate
468 709 565 772 vestra,
577 717 720 758 commune
735 703 798 772 erit,
815 701 876 774 quia
891 701 997 776 singula
1008 719 1069 758 cor·

98 805 176 863 pora,
192 787 219 843 id
235 794 277 844 est
292 786 400 862 singula
415 803 514 860 grana,
538 802 607 859 quae
622 787 754 859 cuiusque
769 786 878 860 propria
893 785 1019 856 fuerunt,
1036 803 1068 842 er

99 889 236 929 consensu
256 880 350 927 vestro
371 871 565 927 communicata
585 876 659 926 sunt.
703 869 801 943 quodsi
823 885 887 926 casu
907 869 934 924 id
955 872 1068 926 mixtum

99 957 184 1013 suerit
204 955 247 1012 vel
262 955 348 1011 Titius
364 955 391 1012 id
406 956 545 1012 misouerit
565 956 624 1010 sine
645 955 785 1010 voluntate
807 961 868 1024 tua,
891 969 946 1010 non
961 954 1068 1010 videtur

100 1057 244 1097 commune
259 1055 333 1103 esse,
355 1041 417 1112 quia
432 1038 540 1113 singula
555 1055 672 1112 corpora
692 1041 721 1094 in
736 1055 784 1094 sna
805 1037 955 1094 substantia
970 1037 1068 1094 durant

100 1142 152 1181 nec
166 1125 252 1198 magis
273 1125 332 1180 istis
354 1123 459 1179 casibus
482 1139 626 1179 commune
648 1122 679 1178 iit
694 1123 876 1194 frumentum,
899 1137 977 1196 quam
1000 1139 1068 1196 grex

99 1209 250 1265 communis
263 1225 323 1264 esse
338 1207 519 1282 intellegitur,
534 1209 558 1262 si
573 1224 673 1280 pecora
685 1208 747 1264 Titii
762 1209 815 1263 tuis
827 1206 970 1280 pecoribus
986 1208 1068 1262 mixta

99 1294 217 1348 fuerint:
239 1291 287 1348 sed
302 1291 373 1348 siah
389 1291 522 1348 alterutro
539 1301 659 1347 vestrum
673 1291 701 1347 id
715 1299 805 1348 totum
820 1291 988 1347 frumentum
1003 1293 1068 1346 reti-

89 1385 207 1448 neatur,
222 1378 250 1432 in
264 1391 322 1432 rem
338 1376 446 1449 quidem
461 1377 531 1432 actio
545 1393 597 1449 pro
609 1375 690 1431 modo
705 1375 835 1431 frumenti
849 1377 981 1448 cuiusque
996 1391 1069 1431 com·

99 1454 200 1535 petit,1
215 1459 327 1516 arbitrio
342 1469 433 1516 autem
447 1460 542 1516 iudicis
557 1461 730 1530 continetur,
752 1467 782 1514 ut
796 1460 819 1514 is
834 1461 973 1530 aestimet,
989 1459 1068 1532 quale

100 1547 233 1618 cuiusque
254 1545 421 1600 framentum
444 1544 536 1600 inerit.
569 1537 654 1599 ²Cum
674 1545 702 1598 in
723 1559 774 1598 suo
794 1543 855 1598 solo
871 1543 967 1615 aliquis
983 1544 1068 1598 aliena
1085 1554 1118 1602 29

99 1632 212 1686 materia
226 1627 419 1699 aedificaverit,
440 1630 498 1701 ipse
518 1627 644 1684 dominus
664 1627 835 1702 intellegitur
855 1625 984 1698 aedificii,
1006 1629 1069 1700 quia

100 1731 198 1785 omne,
214 1713 289 1787 quod
303 1711 504 1784 inaedificatur,
529 1713 589 1768 solo
605 1713 685 1768 cedit.
715 1729 766 1768 nec
786 1719 875 1768 tamen
890 1711 951 1768 ideo
966 1714 1005 1784 is,
1022 1713 1068 1786 qui

99 1799 228 1854 materiae
250 1797 375 1853 dominus
391 1797 495 1869 iuerat,
516 1797 615 1853 desinit
635 1799 694 1852 eius
709 1796 835 1852 dominus
851 1813 925 1852 esse:
948 1796 995 1852 sed
1011 1805 1069 1852 tan·

99 1885 188 1956 tisper
203 1897 292 1955 neque
307 1881 441 1938 vindicare
457 1897 514 1937 eam
529 1889 725 1956 potestasque
747 1881 779 1936 ad
795 1881 974 1938 exhibendum
990 1881 1023 1937 de
1039 1897 1069 1936 ea

100 1984 130 2023 re
147 1982 229 2042 agere
244 1974 359 2040 propter
374 1966 463 2040 legem
478 1966 621 2022 duodecim
637 1965 804 2036 tabularum,
827 1971 1018 2039 maceretur,
1035 1981 1069 2020 ne

100 2052 161 2124 quis
176 2052 285 2125 tignum
299 2049 416 2106 alienum
431 2048 542 2106 aedibus
563 2051 620 2106 suis
640 2051 792 2105 iniunctum
811 2049 928 2104 eximere
943 2055 1069 2121 cogatur,

100 2135 150 2191 sed
171 2134 284 2208 duplum
304 2151 355 2208 pro
377 2151 410 2190 eo
432 2142 552 2208 praestat
573 2135 791 2206 peractionem,
815 2148 883 2204 qnae
904 2140 1016 2186 vocatur
1036 2132 1069 2186 de

99 2223 180 2294 tigno
201 2221 294 2274 iuncto
322 2218 512 2293 (appellatione
538 2227 628 2274 autem
654 2217 724 2291 tigni
746 2216 833 2270 omnis
854 2216 966 2274 materia
985 2215 1070 2288 signi·

101 2303 215 2376 ficator,
237 2321 271 2358 er
292 2320 345 2377 qua
365 2301 484 2359 aedificia
504 2301 598 2375 finnt):
620 2301 694 2375 quod
714 2299 775 2356 ideo
796 2301 1014 2374 provisumst,
1035 2315 1070 2354 ne

100 2387 222 2444 aedificia
241 2387 359 2444 rescindi
379 2403 490 2444 neccsse
511 2388 556 2444 sit.
587 2385 636 2442 sed
656 2388 679 2442 si
700 2385 788 2459 aliqua
809 2401 841 2442 ex
856 2399 936 2442 causa
950 2381 1094 2440 dirutum*

100 2476 138 2528 sit
152 2471 318 2543 aediticium,
334 2473 437 2546 poterit
452 2473 579 2528 materiae
594 2471 736 2542 dominus,
752 2471 775 2525 si
790 2485 846 2525 non
861 2469 944 2525 inerit
958 2468 1071 2544 duplum

99 2559 153 2612 iam
169 2551 364 2628 consecutus,³
384 2564 450 2612 tunc
465 2573 522 2612 eam
538 2555 671 2630 vindicare
692 2563 720 2612 et
735 2555 767 2610 ad
781 2553 963 2610 exhibendum
978 2569 1069 2627 agere.

99 2641 140 2696 Ex
154 2641 261 2697 diverso
277 2643 300 2697 si
320 2643 380 2714 quis
400 2643 428 2696 in
443 2641 531 2696 alieno
553 2640 613 2695 solo
628 2657 678 2695 sua
692 2640 803 2694 materia
823 2639 933 2693 domum
948 2636 1071 2692 aedifica·
1089 2652 1122 2700 30

100 2727 182 2797 verit,
197 2725 270 2782 illins
286 2724 317 2780 iit
332 2725 439 2797 domus,
455 2727 531 2781 cuius
548 2731 574 2780 et
589 2724 679 2780 solum
694 2730 746 2778 est.
777 2722 826 2778 sed
841 2723 895 2778 hoo
909 2736 973 2776 casu
988 2728 1071 2775 mate-

100 2811 157 2864 riae
179 2809 305 2865 dominus
326 2811 520 2884 proprietatem
543 2810 601 2864 eius
628 2809 741 2878 amittit,
768 2807 831 2880 qnia
851 2805 991 2862 voluntate
1013 2806 1070 2858 cius

100 2894 215 2950 alienata
229 2894 410 2968 intellegitur,
426 2895 521 2966 utique
536 2895 559 2948 si
574 2909 629 2948 non
644 2891 803 2966 ignorabat,
819 2891 847 2946 in
862 2890 949 2945 alieno
966 2889 1026 2945 solo
1042 2905 1071 2944 se

101 2977 256 3034 aedificare:
269 2986 300 3042 ¹et
314 2979 392 3050 ideo,
414 2979 478 3034 licet
492 2977 581 3032 diruta
596 2979 633 3032 sit
648 2977 761 3046 domus,
782 2975 919 3031 vindicare
934 2975 1072 3030 materiam

100 3080 157 3118 non
173 3055 306 3136 poterit.⁴
335 3071 410 3119 certe
425 3062 491 3117 illud
506 3069 629 3132 constat,
650 3062 672 3116 si
687 3062 716 3116 in
730 3061 905 3134 possessione
922 3061 1071 3114 constituto

170 3225 191 3289 ¹)
210 3230 251 3278 ed,
264 3225 339 3278 Scir.
353 3229 493 3292 competet
511 3228 551 3276 ed.
565 3225 616 3275 Kc.
636 3227 711 3276 codd.
730 3226 841 3276 variant.
877 3221 898 3286 ²)
917 3223 957 3283 ἐξ.
970 3223 1071 3272 29-31

96 3297 158 3358 sere
176 3316 211 3337 ·--·
228 3296 261 3348 L.
280 3297 305 3346 t,
324 3295 365 3356 ἐξ.
385 3297 425 3345 10.
446 3295 486 3344 12.
507 3296 537 3344 13
555 3294 589 3343 D.
608 3295 665 3344 eod.
710 3291 732 3360 ⁸)
751 3293 826 3344 codd.
846 3291 925 3355 infer.
943 3296 969 3339 ct
990 3283 1073 3352 ἔτυχε

100 3355 295 3428 κομισάμενος
320 3363 431 3426 Theopd.
454 3365 616 3425 persecutus
641 3361 715 3410 codd.
738 3369 786 3412 oct.
806 3361 865 3410 cdd.
884 3357 958 3410 Scir.
978 3364 1003 3406 ct
1020 3356 1072 3405 Kr.

98 3431 121 3496 4)
141 3431 232 3498 possit
249 3433 308 3482 edd.
328 3430 401 3480 Sodr.
421 3437 448 3480 et
465 3429 515 3478 Kr.
540 3429 616 3482 codd.
639 3430 741 3478 variant
762 3430 829 3478 inter
851 3428 956 3490 potest,
976 3423 1072 3487 possit,

99 3499 214 3564 poterit
235 3492 290 3561 ἔξω
305 3497 416 3561 Tdeopd.
