<?xml version="1.0" encoding="UTF-8"?>
<!DOCTYPE html PUBLIC "-//W3C//DTD XHTML 1.0 Transitional//EN"
    "http://www.w3.org/TR/xhtml1/DTD/xhtml1-transitional.dtd">
<html xmlns="http://www.w3.org/1999/xhtml" xml:lang="en" lang="en">
 <head>
  <title>
</title>
<meta http-equiv="Content-Type" content="text/html;charset=utf-8" />
  <meta name='ocr-system' content='tesseract 3.04.00' />
  <meta name='ocr-capabilities' content='ocr_page ocr_carea ocr_par ocr_line ocrx_word'/>
</head>
<body>
  <div class='ocr_page' id='page_1' title='image "./impivstinianiin00huscgoog_0013.png"; bbox 0 0 2486 3916; ppageno 0'>
   <div class='ocr_carea' id='block_1_1' title="bbox 151 209 730 261">
    <p class='ocr_par' dir='ltr' id='par_1_1' title="bbox 151 209 730 261">
     <span class='ocr_line' id='line_1_1' title="bbox 151 209 730 261; baseline -0.003 0"><span class='ocrx_word' id='word_1_1' title='bbox 151 209 220 261; x_wconf 84' lang='lat' dir='ltr'>VIII</span> <span class='ocrx_word' id='word_1_2' title='bbox 561 221 730 260; x_wconf 80' lang='lat' dir='ltr'><strong>ransrnrrn.</strong></span> 
     </span>
    </p>
   </div>
   <div class='ocr_carea' id='block_1_2' title="bbox 151 346 1145 3041">
    <p class='ocr_par' dir='ltr' id='par_1_2' title="bbox 151 346 1145 3041">
     <span class='ocr_line' id='line_1_2' title="bbox 229 346 1120 424; baseline 0.003 -21"><span class='ocrx_word' id='word_1_3' title='bbox 229 347 258 403; x_wconf 90' lang='lat' dir='ltr'><strong>Si</strong></span> <span class='ocrx_word' id='word_1_4' title='bbox 295 348 402 421; x_wconf 79' lang='lat' dir='ltr'><strong>priores</strong></span> <span class='ocrx_word' id='word_1_5' title='bbox 428 355 456 403; x_wconf 90' lang='lat' dir='ltr'><strong>et</strong></span> <span class='ocrx_word' id='word_1_6' title='bbox 490 349 658 421; x_wconf 80' lang='lat' dir='ltr'><strong>posteriores</strong></span> <span class='ocrx_word' id='word_1_7' title='bbox 695 346 775 404; x_wconf 93' lang='lat' dir='ltr'><strong>binos</strong></span> <span class='ocrx_word' id='word_1_8' title='bbox 813 347 898 405; x_wconf 89' lang='lat' dir='ltr'><strong>libros</strong></span> <span class='ocrx_word' id='word_1_9' title='bbox 928 349 1010 406; x_wconf 92' lang='lat' dir='ltr'><strong>alium</strong></span> <span class='ocrx_word' id='word_1_10' title='bbox 1038 357 1120 424; x_wconf 88' lang='lat' dir='ltr'><strong>atque</strong></span> 
     </span>
     <span class='ocr_line' id='line_1_3' title="bbox 152 430 1118 510; baseline 0.002 -22"><span class='ocrx_word' id='word_1_11' title='bbox 152 433 233 488; x_wconf 91' lang='lat' dir='ltr'><strong>alium</strong></span> <span class='ocrx_word' id='word_1_12' title='bbox 263 430 362 488; x_wconf 89' lang='lat' dir='ltr'><strong>babere</strong></span> <span class='ocrx_word' id='word_1_13' title='bbox 397 439 524 490; x_wconf 79' lang='lat' dir='ltr'><strong>austures</strong></span> <span class='ocrx_word' id='word_1_14' title='bbox 560 449 593 488; x_wconf 80' lang='lat' dir='ltr'><strong>ex</strong></span> <span class='ocrx_word' id='word_1_15' title='bbox 607 432 640 487; x_wconf 89' lang='lat' dir='ltr'><strong>iis</strong></span> <span class='ocrx_word' id='word_1_16' title='bbox 677 432 742 505; x_wconf 81' lang='lat' dir='ltr'><strong>Ipsis</strong></span> <span class='ocrx_word' id='word_1_17' title='bbox 778 432 831 490; x_wconf 80' lang='lat' dir='ltr'><strong>dini</strong></span> <span class='ocrx_word' id='word_1_18' title='bbox 866 450 949 508; x_wconf 86' lang='lat' dir='ltr'><strong>posse</strong></span> <span class='ocrx_word' id='word_1_19' title='bbox 978 437 1118 510; x_wconf 79' lang='lat' dir='ltr'><strong>cognosci,</strong></span> 
     </span>
     <span class='ocr_line' id='line_1_4' title="bbox 152 513 1119 594; baseline 0.002 -22"><span class='ocrx_word' id='word_1_20' title='bbox 152 517 219 572; x_wconf 90' lang='lat' dir='ltr'><strong>adeo</strong></span> <span class='ocrx_word' id='word_1_21' title='bbox 236 515 344 590; x_wconf 91' lang='lat' dir='ltr'><strong>quidem</strong></span> <span class='ocrx_word' id='word_1_22' title='bbox 360 513 468 589; x_wconf 87' lang='lat' dir='ltr'><strong>(addo),</strong></span> <span class='ocrx_word' id='word_1_23' title='bbox 488 523 520 572; x_wconf 92' lang='lat' dir='ltr'><strong>nt</strong></span> <span class='ocrx_word' id='word_1_24' title='bbox 536 517 584 590; x_wconf 91' lang='lat' dir='ltr'><strong>qni</strong></span> <span class='ocrx_word' id='word_1_25' title='bbox 598 515 751 572; x_wconf 88' lang='lat' dir='ltr'><strong>admonitus</strong></span> <span class='ocrx_word' id='word_1_26' title='bbox 772 525 877 574; x_wconf 90' lang='lat' dir='ltr'><strong>attente</strong></span> <span class='ocrx_word' id='word_1_27' title='bbox 893 535 941 575; x_wconf 92' lang='lat' dir='ltr'><strong>eos</strong></span> <span class='ocrx_word' id='word_1_28' title='bbox 956 517 1070 594; x_wconf 78' lang='lat' dir='ltr'><strong>legerit,</strong></span> <span class='ocrx_word' id='word_1_29' title='bbox 1091 519 1119 574; x_wconf 92' lang='lat' dir='ltr'><strong>id</strong></span> 
     </span>
     <span class='ocr_line' id='line_1_5' title="bbox 151 601 1122 683; baseline 0.004 -27"><span class='ocrx_word' id='word_1_30' title='bbox 151 603 210 674; x_wconf 91' lang='lat' dir='ltr'><strong>ipse</strong></span> <span class='ocrx_word' id='word_1_31' title='bbox 224 617 281 656; x_wconf 91' lang='lat' dir='ltr'><strong>uon</strong></span> <span class='ocrx_word' id='word_1_32' title='bbox 296 601 502 674; x_wconf 84' lang='lat' dir='ltr'><strong>deprehendere</strong></span> <span class='ocrx_word' id='word_1_33' title='bbox 517 603 559 656; x_wconf 86' lang='lat' dir='ltr'><strong>vix</strong></span> <span class='ocrx_word' id='word_1_34' title='bbox 574 601 677 675; x_wconf 80' lang='lat' dir='ltr'><strong>possit,</strong></span> <span class='ocrx_word' id='word_1_35' title='bbox 693 610 791 675; x_wconf 88' lang='lat' dir='ltr'><strong>sponte</strong></span> <span class='ocrx_word' id='word_1_36' title='bbox 806 603 992 679; x_wconf 77' lang='lat' dir='ltr'><strong>intellegitur,</strong></span> <span class='ocrx_word' id='word_1_37' title='bbox 1007 604 1122 683; x_wconf 86' lang='lat' dir='ltr'><strong>maxime</strong></span> 
     </span>
     <span class='ocr_line' id='line_1_6' title="bbox 152 683 1119 762; baseline 0.003 -22"><span class='ocrx_word' id='word_1_38' title='bbox 152 702 195 740; x_wconf 91' lang='lat' dir='ltr'><strong>me</strong></span> <span class='ocrx_word' id='word_1_39' title='bbox 210 686 238 740; x_wconf 93' lang='lat' dir='ltr'><strong>in</strong></span> <span class='ocrx_word' id='word_1_40' title='bbox 253 686 342 740; x_wconf 91' lang='lat' dir='ltr'><strong>animo</strong></span> <span class='ocrx_word' id='word_1_41' title='bbox 359 683 457 740; x_wconf 91' lang='lat' dir='ltr'><strong>babere</strong></span> <span class='ocrx_word' id='word_1_42' title='bbox 472 693 500 741; x_wconf 92' lang='lat' dir='ltr'><strong>et</strong></span> <span class='ocrx_word' id='word_1_43' title='bbox 514 703 530 741; x_wconf 92' lang='lat' dir='ltr'><strong>a</strong></span> <span class='ocrx_word' id='word_1_44' title='bbox 544 685 647 742; x_wconf 90' lang='lat' dir='ltr'><strong>lectore</strong></span> <span class='ocrx_word' id='word_1_45' title='bbox 661 686 824 742; x_wconf 87' lang='lat' dir='ltr'><strong>attendenda</strong></span> <span class='ocrx_word' id='word_1_46' title='bbox 839 704 900 744; x_wconf 90' lang='lat' dir='ltr'><strong>esse</strong></span> <span class='ocrx_word' id='word_1_47' title='bbox 916 705 962 760; x_wconf 90' lang='lat' dir='ltr'><strong>ea,</strong></span> <span class='ocrx_word' id='word_1_48' title='bbox 979 703 1048 762; x_wconf 92' lang='lat' dir='ltr'><strong>quae</strong></span> <span class='ocrx_word' id='word_1_49' title='bbox 1062 704 1119 744; x_wconf 90' lang='lat' dir='ltr'><strong>non</strong></span> 
     </span>
     <span class='ocr_line' id='line_1_7' title="bbox 153 769 1121 843; baseline 0.004 -19"><span class='ocrx_word' id='word_1_50' title='bbox 153 777 258 836; x_wconf 83' lang='lat' dir='ltr'><strong>tantum</strong></span> <span class='ocrx_word' id='word_1_51' title='bbox 273 787 306 826; x_wconf 78' lang='lat' dir='ltr'><strong>ex</strong></span> <span class='ocrx_word' id='word_1_52' title='bbox 321 769 387 826; x_wconf 84' lang='lat' dir='ltr'><strong>Gaio</strong></span> <span class='ocrx_word' id='word_1_53' title='bbox 406 769 449 836; x_wconf 82' lang='lat' dir='ltr'><strong>vel</strong></span> <span class='ocrx_word' id='word_1_54' title='bbox 469 770 526 826; x_wconf 91' lang='lat' dir='ltr'><strong>aliis</strong></span> <span class='ocrx_word' id='word_1_55' title='bbox 548 772 665 843; x_wconf 91' lang='lat' dir='ltr'><strong>antiquis</strong></span> <span class='ocrx_word' id='word_1_56' title='bbox 685 772 879 828; x_wconf 86' lang='lat' dir='ltr'><strong>iureconsultis</strong></span> <span class='ocrx_word' id='word_1_57' title='bbox 902 771 1030 828; x_wconf 89' lang='lat' dir='ltr'><strong>translata</strong></span> <span class='ocrx_word' id='word_1_58' title='bbox 1045 781 1121 843; x_wconf 90' lang='lat' dir='ltr'><strong>suut,</strong></span> 
     </span>
     <span class='ocr_line' id='line_1_8' title="bbox 151 853 1119 932; baseline 0.002 -22"><span class='ocrx_word' id='word_1_59' title='bbox 151 854 200 910; x_wconf 89' lang='lat' dir='ltr'><strong>sed</strong></span> <span class='ocrx_word' id='word_1_60' title='bbox 216 857 278 929; x_wconf 89' lang='lat' dir='ltr'><strong>quia</strong></span> <span class='ocrx_word' id='word_1_61' title='bbox 293 855 336 910; x_wconf 87' lang='lat' dir='ltr'><strong>ius</strong></span> <span class='ocrx_word' id='word_1_62' title='bbox 352 861 430 910; x_wconf 89' lang='lat' dir='ltr'><strong>vetus</strong></span> <span class='ocrx_word' id='word_1_63' title='bbox 446 853 601 911; x_wconf 80' lang='lat' dir='ltr'><strong>exoleverat</strong></span> <span class='ocrx_word' id='word_1_64' title='bbox 616 855 658 910; x_wconf 94' lang='lat' dir='ltr'><strong>vel</strong></span> <span class='ocrx_word' id='word_1_65' title='bbox 673 871 747 911; x_wconf 91' lang='lat' dir='ltr'><strong>novo</strong></span> <span class='ocrx_word' id='word_1_66' title='bbox 762 864 900 930; x_wconf 80' lang='lat' dir='ltr'><strong>cesserat,</strong></span> <span class='ocrx_word' id='word_1_67' title='bbox 916 856 949 912; x_wconf 94' lang='lat' dir='ltr'><strong>ab</strong></span> <span class='ocrx_word' id='word_1_68' title='bbox 964 857 1029 932; x_wconf 90' lang='lat' dir='ltr'><strong>ipsis</strong></span> <span class='ocrx_word' id='word_1_69' title='bbox 1045 873 1119 913; x_wconf 90' lang='lat' dir='ltr'><strong>oom-</strong></span> 
     </span>
     <span class='ocr_line' id='line_1_9' title="bbox 152 938 1119 1015; baseline 0.002 -21"><span class='ocrx_word' id='word_1_70' title='bbox 152 939 321 1014; x_wconf 90' lang='lat' dir='ltr'><strong>positoribus</strong></span> <span class='ocrx_word' id='word_1_71' title='bbox 338 946 415 994; x_wconf 90' lang='lat' dir='ltr'><strong>erant</strong></span> <span class='ocrx_word' id='word_1_72' title='bbox 429 938 599 1012; x_wconf 72' lang='lat' dir='ltr'><strong>refingenda.</strong></span> <span class='ocrx_word' id='word_1_73' title='bbox 627 939 656 994; x_wconf 93' lang='lat' dir='ltr'><strong>ln</strong></span> <span class='ocrx_word' id='word_1_74' title='bbox 672 940 713 995; x_wconf 91' lang='lat' dir='ltr'><strong>his</strong></span> <span class='ocrx_word' id='word_1_75' title='bbox 734 957 800 996; x_wconf 84' lang='lat' dir='ltr'><strong>vero</strong></span> <span class='ocrx_word' id='word_1_76' title='bbox 816 943 933 1014; x_wconf 91' lang='lat' dir='ltr'><strong>primum</strong></span> <span class='ocrx_word' id='word_1_77' title='bbox 953 941 1020 997; x_wconf 92' lang='lat' dir='ltr'><strong>illud</strong></span> <span class='ocrx_word' id='word_1_78' title='bbox 1042 943 1119 1015; x_wconf 82' lang='lat' dir='ltr'><strong>quasi</strong></span> 
     </span>
     <span class='ocr_line' id='line_1_10' title="bbox 153 1022 1120 1098; baseline 0.002 -19"><span class='ocrx_word' id='word_1_79' title='bbox 153 1025 253 1080; x_wconf 85' lang='lat' dir='ltr'><strong>invitus</strong></span> <span class='ocrx_word' id='word_1_80' title='bbox 270 1022 439 1095; x_wconf 79' lang='lat' dir='ltr'><strong>observabis,</strong></span> <span class='ocrx_word' id='word_1_81' title='bbox 456 1040 533 1095; x_wconf 93' lang='lat' dir='ltr'><strong>eum,</strong></span> <span class='ocrx_word' id='word_1_82' title='bbox 556 1025 602 1098; x_wconf 90' lang='lat' dir='ltr'><strong>qui</strong></span> <span class='ocrx_word' id='word_1_83' title='bbox 617 1025 787 1097; x_wconf 88' lang='lat' dir='ltr'><strong>posteriores</strong></span> <span class='ocrx_word' id='word_1_84' title='bbox 802 1024 886 1081; x_wconf 91' lang='lat' dir='ltr'><strong>libros</strong></span> <span class='ocrx_word' id='word_1_85' title='bbox 902 1026 982 1097; x_wconf 88' lang='lat' dir='ltr'><strong>iecit,</strong></span> <span class='ocrx_word' id='word_1_86' title='bbox 998 1027 1120 1098; x_wconf 87' lang='lat' dir='ltr'><strong>quamvis</strong></span> 
     </span>
     <span class='ocr_line' id='line_1_11' title="bbox 152 1107 1119 1184; baseline 0.001 -21"><span class='ocrx_word' id='word_1_87' title='bbox 152 1125 209 1163; x_wconf 94' lang='lat' dir='ltr'><strong>non</strong></span> <span class='ocrx_word' id='word_1_88' title='bbox 225 1107 356 1180; x_wconf 91' lang='lat' dir='ltr'><strong>oblitum,</strong></span> <span class='ocrx_word' id='word_1_89' title='bbox 372 1109 563 1182; x_wconf 86' lang='lat' dir='ltr'><strong>imperatorem</strong></span> <span class='ocrx_word' id='word_1_90' title='bbox 578 1107 670 1182; x_wconf 92' lang='lat' dir='ltr'><strong>loqui,</strong></span> <span class='ocrx_word' id='word_1_91' title='bbox 687 1124 767 1182; x_wconf 91' lang='lat' dir='ltr'><strong>quem</strong></span> <span class='ocrx_word' id='word_1_92' title='bbox 783 1108 848 1180; x_wconf 92' lang='lat' dir='ltr'><strong>alia,</strong></span> <span class='ocrx_word' id='word_1_93' title='bbox 865 1126 944 1184; x_wconf 87' lang='lat' dir='ltr'><strong>quam</strong></span> <span class='ocrx_word' id='word_1_94' title='bbox 960 1111 1119 1184; x_wconf 83' lang='lat' dir='ltr'><strong>magistrum</strong></span> 
     </span>
     <span class='ocr_line' id='line_1_12' title="bbox 152 1191 1120 1264; baseline 0.004 -18"><span class='ocrx_word' id='word_1_95' title='bbox 152 1191 233 1247; x_wconf 83' lang='lat' dir='ltr'><strong>verba</strong></span> <span class='ocrx_word' id='word_1_96' title='bbox 248 1192 370 1264; x_wconf 85' lang='lat' dir='ltr'><strong>deceant,</strong></span> <span class='ocrx_word' id='word_1_97' title='bbox 383 1195 506 1248; x_wconf 87' lang='lat' dir='ltr'><strong>tamenin</strong></span> <span class='ocrx_word' id='word_1_98' title='bbox 520 1194 675 1248; x_wconf 90' lang='lat' dir='ltr'><strong>universum</strong></span> <span class='ocrx_word' id='word_1_99' title='bbox 695 1192 757 1264; x_wconf 93' lang='lat' dir='ltr'><strong>(uisi</strong></span> <span class='ocrx_word' id='word_1_100' title='bbox 769 1192 842 1248; x_wconf 83' lang='lat' dir='ltr'><strong>sorte</strong></span> <span class='ocrx_word' id='word_1_101' title='bbox 853 1202 996 1250; x_wconf 78' lang='lat' dir='ltr'><strong>contortae</strong></span> <span class='ocrx_word' id='word_1_102' title='bbox 1007 1194 1120 1250; x_wconf 91' lang='lat' dir='ltr'><strong>alicuius</strong></span> 
     </span>
     <span class='ocr_line' id='line_1_13' title="bbox 153 1275 1120 1351; baseline 0.002 -19"><span class='ocrx_word' id='word_1_103' title='bbox 153 1277 357 1332; x_wconf 89' lang='lat' dir='ltr'><strong>constitutionis</strong></span> <span class='ocrx_word' id='word_1_104' title='bbox 369 1275 450 1332; x_wconf 91' lang='lat' dir='ltr'><strong>verba</strong></span> <span class='ocrx_word' id='word_1_105' title='bbox 457 1285 560 1333; x_wconf 88' lang='lat' dir='ltr'><strong>tantum</strong></span> <span class='ocrx_word' id='word_1_106' title='bbox 572 1275 755 1348; x_wconf 83' lang='lat' dir='ltr'><strong>exscribebat,</strong></span> <span class='ocrx_word' id='word_1_107' title='bbox 767 1277 841 1332; x_wconf 92' lang='lat' dir='ltr'><strong>velut</strong></span> <span class='ocrx_word' id='word_1_108' title='bbox 849 1276 1018 1351; x_wconf 55' lang='lat' dir='ltr'><strong>tuimur.)</strong></span> <span class='ocrx_word' id='word_1_109' title='bbox 1033 1279 1120 1334; x_wconf 92' lang='lat' dir='ltr'><strong>multo</strong></span> 
     </span>
     <span class='ocr_line' id='line_1_14' title="bbox 153 1361 1121 1436; baseline 0.003 -20"><span class='ocrx_word' id='word_1_110' title='bbox 153 1362 253 1416; x_wconf 88' lang='lat' dir='ltr'><strong>maiore</strong></span> <span class='ocrx_word' id='word_1_111' title='bbox 265 1361 435 1434; x_wconf 86' lang='lat' dir='ltr'><strong>simplicitate</strong></span> <span class='ocrx_word' id='word_1_112' title='bbox 442 1379 473 1417; x_wconf 93' lang='lat' dir='ltr'><strong>ac</strong></span> <span class='ocrx_word' id='word_1_113' title='bbox 478 1363 670 1436; x_wconf 77' lang='lat' dir='ltr'><strong>perspicuitate</strong></span> <span class='ocrx_word' id='word_1_114' title='bbox 682 1377 761 1416; x_wconf 92' lang='lat' dir='ltr'><strong>usum</strong></span> <span class='ocrx_word' id='word_1_115' title='bbox 773 1377 843 1434; x_wconf 90' lang='lat' dir='ltr'><strong>esse,</strong></span> <span class='ocrx_word' id='word_1_116' title='bbox 852 1377 931 1436; x_wconf 85' lang='lat' dir='ltr'><strong>quam</strong></span> <span class='ocrx_word' id='word_1_117' title='bbox 943 1365 971 1418; x_wconf 91' lang='lat' dir='ltr'><strong>in</strong></span> <span class='ocrx_word' id='word_1_118' title='bbox 983 1362 1121 1436; x_wconf 89' lang='lat' dir='ltr'><strong>prioribus</strong></span> 
     </span>
     <span class='ocr_line' id='line_1_15' title="bbox 153 1445 1145 1520; baseline 0.004 -19"><span class='ocrx_word' id='word_1_119' title='bbox 153 1445 349 1519; x_wconf 86' lang='lat' dir='ltr'><strong>deprehendas.</strong></span> <span class='ocrx_word' id='word_1_120' title='bbox 373 1445 502 1502; x_wconf 84' lang='lat' dir='ltr'><strong>Conieras</strong></span> <span class='ocrx_word' id='word_1_121' title='bbox 515 1462 557 1502; x_wconf 82' lang='lat' dir='ltr'><strong>en.</strong></span> <span class='ocrx_word' id='word_1_122' title='bbox 575 1463 617 1520; x_wconf 81' lang='lat' dir='ltr'><strong>gr.</strong></span> <span class='ocrx_word' id='word_1_123' title='bbox 631 1445 713 1518; x_wconf 88' lang='lat'><strong>111‚3,</strong></span> <span class='ocrx_word' id='word_1_124' title='bbox 730 1445 758 1502; x_wconf 89' lang='lat'><strong>3.</strong></span> <span class='ocrx_word' id='word_1_125' title='bbox 768 1488 774 1501; x_wconf 94' lang='lat'>.</span> <span class='ocrx_word' id='word_1_126' title='bbox 784 1488 791 1502; x_wconf 92' lang='lat'>.</span> <span class='ocrx_word' id='word_1_127' title='bbox 801 1445 880 1503; x_wconf 82' lang='lat' dir='ltr'><strong>5.vel</strong></span> <span class='ocrx_word' id='word_1_128' title='bbox 891 1447 1031 1520; x_wconf 85' lang='lat' dir='ltr'><strong>lll,6,11.</strong></span> <span class='ocrx_word' id='word_1_129' title='bbox 1042 1447 1120 1520; x_wconf 74' lang='lat' dir='ltr'><strong>tte),</strong></span> <span class='ocrx_word' id='word_1_130' title='bbox 1143 1491 1145 1496; x_wconf 66' lang='lat'><strong>,</strong></span> 
     </span>
     <span class='ocr_line' id='line_1_16' title="bbox 154 1529 1119 1606; baseline 0.001 -19"><span class='ocrx_word' id='word_1_131' title='bbox 154 1529 212 1587; x_wconf 88' lang='grc'><strong>3.4</strong></span> <span class='ocrx_word' id='word_1_132' title='bbox 224 1539 252 1586; x_wconf 93' lang='lat' dir='ltr'><strong>et</strong></span> <span class='ocrx_word' id='word_1_133' title='bbox 267 1547 282 1586; x_wconf 90' lang='lat' dir='ltr'><strong>e</strong></span> <span class='ocrx_word' id='word_1_134' title='bbox 297 1530 405 1586; x_wconf 89' lang='lat' dir='ltr'><strong>diverso</strong></span> <span class='ocrx_word' id='word_1_135' title='bbox 421 1531 600 1604; x_wconf 87' lang='grc' dir='ltr'>Ι,12,6.20,</span> <span class='ocrx_word' id='word_1_136' title='bbox 617 1531 645 1588; x_wconf 88' lang='lat'><strong>5.</strong></span> <span class='ocrx_word' id='word_1_137' title='bbox 662 1531 695 1602; x_wconf 89' lang='lat' dir='ltr'><strong>ll,</strong></span> <span class='ocrx_word' id='word_1_138' title='bbox 705 1531 755 1602; x_wconf 88' lang='lat'><strong>10,</strong></span> <span class='ocrx_word' id='word_1_139' title='bbox 771 1531 800 1587; x_wconf 89' lang='lat'><strong>3.</strong></span> <span class='ocrx_word' id='word_1_140' title='bbox 817 1530 846 1586; x_wconf 83' lang='lat'><strong>4.</strong></span> <span class='ocrx_word' id='word_1_141' title='bbox 866 1532 915 1589; x_wconf 92' lang='grc'><strong>10.</strong></span> <span class='ocrx_word' id='word_1_142' title='bbox 945 1531 998 1588; x_wconf 89' lang='lat' dir='ltr'><strong>Sed</strong></span> <span class='ocrx_word' id='word_1_143' title='bbox 1011 1533 1119 1606; x_wconf 85' lang='lat' dir='ltr'><strong>singula</strong></span> 
     </span>
     <span class='ocr_line' id='line_1_17' title="bbox 154 1615 1120 1690; baseline 0.004 -22"><span class='ocrx_word' id='word_1_144' title='bbox 154 1615 281 1688; x_wconf 89' lang='lat' dir='ltr'><strong>requiris.</strong></span> <span class='ocrx_word' id='word_1_145' title='bbox 300 1615 387 1688; x_wconf 81' lang='lat' dir='ltr'><strong>lgitur</strong></span> <span class='ocrx_word' id='word_1_146' title='bbox 401 1617 519 1689; x_wconf 83' lang='lat' dir='ltr'><strong>scriptor</strong></span> <span class='ocrx_word' id='word_1_147' title='bbox 529 1615 562 1686; x_wconf 96' lang='lat' dir='ltr'><strong>ll,</strong></span> <span class='ocrx_word' id='word_1_148' title='bbox 572 1616 657 1686; x_wconf 87' lang='grc'><strong>11,6.</strong></span> <span class='ocrx_word' id='word_1_149' title='bbox 671 1631 722 1688; x_wconf 91' lang='lat' dir='ltr'><strong>pru</strong></span> <span class='ocrx_word' id='word_1_150' title='bbox 737 1615 917 1670; x_wconf 81' lang='lat' dir='ltr'><strong>anterioribus</strong></span> <span class='ocrx_word' id='word_1_151' title='bbox 929 1615 1120 1690; x_wconf 90' lang='lat' dir='ltr'><strong>principalibus</strong></span> 
     </span>
     <span class='ocr_line' id='line_1_18' title="bbox 153 1698 1120 1774; baseline 0.004 -20"><span class='ocrx_word' id='word_1_152' title='bbox 153 1699 393 1754; x_wconf 86' lang='lat' dir='ltr'><strong>constitutionibus</strong></span> <span class='ocrx_word' id='word_1_153' title='bbox 409 1700 568 1774; x_wconf 88' lang='lat' dir='ltr'><strong>simpliciter</strong></span> <span class='ocrx_word' id='word_1_154' title='bbox 585 1715 671 1772; x_wconf 90' lang='lat' dir='ltr'><strong>paene</strong></span> <span class='ocrx_word' id='word_1_155' title='bbox 681 1698 796 1754; x_wconf 87' lang='lat' dir='ltr'><strong>absurde</strong></span> <span class='ocrx_word' id='word_1_156' title='bbox 811 1699 875 1755; x_wconf 88' lang='lat' dir='ltr'><strong>dicit</strong></span> <span class='ocrx_word' id='word_1_157' title='bbox 892 1698 958 1756; x_wconf 78' lang='lat' dir='ltr'><strong>‘tam</strong></span> <span class='ocrx_word' id='word_1_158' title='bbox 970 1702 1120 1758; x_wconf 88' lang='lat' dir='ltr'><strong>anteriores</strong></span> 
     </span>
     <span class='ocr_line' id='line_1_19' title="bbox 153 1782 1121 1860; baseline 0.005 -23"><span class='ocrx_word' id='word_1_159' title='bbox 153 1782 229 1856; x_wconf 75' lang='lat' dir='ltr'><strong>leges</strong></span> <span class='ocrx_word' id='word_1_160' title='bbox 246 1799 324 1856; x_wconf 92' lang='lat' dir='ltr'><strong>quam</strong></span> <span class='ocrx_word' id='word_1_161' title='bbox 340 1783 502 1858; x_wconf 87' lang='lat' dir='ltr'><strong>principales</strong></span> <span class='ocrx_word' id='word_1_162' title='bbox 518 1785 758 1839; x_wconf 88' lang='lat' dir='ltr'><strong>constitutiones&#39;.</strong></span> <span class='ocrx_word' id='word_1_163' title='bbox 792 1782 840 1839; x_wconf 91' lang='lat' dir='ltr'><strong>Ubi</strong></span> <span class='ocrx_word' id='word_1_164' title='bbox 852 1784 934 1841; x_wconf 88' lang='lat' dir='ltr'><strong>lectio</strong></span> <span class='ocrx_word' id='word_1_165' title='bbox 946 1785 1035 1860; x_wconf 90' lang='lat' dir='ltr'><strong>aliqua</strong></span> <span class='ocrx_word' id='word_1_166' title='bbox 1046 1785 1121 1842; x_wconf 89' lang='lat' dir='ltr'><strong>velut</strong></span> 
     </span>
     <span class='ocr_line' id='line_1_20' title="bbox 154 1867 1118 1940; baseline 0.004 -19"><span class='ocrx_word' id='word_1_167' title='bbox 154 1868 358 1923; x_wconf 89' lang='lat' dir='ltr'><strong>constitutionis</strong></span> <span class='ocrx_word' id='word_1_168' title='bbox 374 1868 594 1938; x_wconf 90' lang='lat' dir='ltr'><strong>commendatur,</strong></span> <span class='ocrx_word' id='word_1_169' title='bbox 610 1868 682 1924; x_wconf 87' lang='lat' dir='ltr'><strong>idern</strong></span> <span class='ocrx_word' id='word_1_170' title='bbox 696 1869 734 1922; x_wconf 91' lang='lat' dir='ltr'><strong>ita</strong></span> <span class='ocrx_word' id='word_1_171' title='bbox 749 1876 836 1924; x_wconf 91' lang='lat' dir='ltr'><strong>tumet</strong></span> <span class='ocrx_word' id='word_1_172' title='bbox 851 1868 883 1940; x_wconf 92' lang='lat' dir='ltr'><strong>ll,</strong></span> <span class='ocrx_word' id='word_1_173' title='bbox 900 1869 950 1939; x_wconf 90' lang='lat'><strong>11,</strong></span> <span class='ocrx_word' id='word_1_174' title='bbox 968 1869 1000 1926; x_wconf 84' lang='lat'><strong>6:</strong></span> <span class='ocrx_word' id='word_1_175' title='bbox 1023 1867 1118 1926; x_wconf 69' lang='lat' dir='ltr'><strong>‘cuius</strong></span> 
     </span>
     <span class='ocr_line' id='line_1_21' title="bbox 154 1951 1119 2028; baseline 0.005 -22"><span class='ocrx_word' id='word_1_176' title='bbox 154 1952 359 2007; x_wconf 88' lang='lat' dir='ltr'><strong>constitutionis</strong></span> <span class='ocrx_word' id='word_1_177' title='bbox 376 1961 472 2008; x_wconf 91' lang='lat' dir='ltr'><strong>tenore</strong></span> <span class='ocrx_word' id='word_1_178' title='bbox 487 1954 632 2026; x_wconf 88' lang='lat' dir='ltr'><strong>perspecto</strong></span> <span class='ocrx_word' id='word_1_179' title='bbox 654 1951 762 2008; x_wconf 89' lang='lat' dir='ltr'><strong>licentia</strong></span> <span class='ocrx_word' id='word_1_180' title='bbox 777 1960 820 2008; x_wconf 88' lang='lat' dir='ltr'><strong>est</strong></span> <span class='ocrx_word' id='word_1_181' title='bbox 835 1953 902 2009; x_wconf 89' lang='lat' dir='ltr'><strong>nibil</strong></span> <span class='ocrx_word' id='word_1_182' title='bbox 918 1970 1028 2026; x_wconf 91' lang='lat' dir='ltr'><strong>eorum,</strong></span> <span class='ocrx_word' id='word_1_183' title='bbox 1049 1973 1119 2028; x_wconf 90' lang='lat' dir='ltr'><strong>quae</strong></span> 
     </span>
     <span class='ocr_line' id='line_1_22' title="bbox 153 2035 1117 2112; baseline 0.004 -22"><span class='ocrx_word' id='word_1_184' title='bbox 153 2035 186 2091; x_wconf 95' lang='lat' dir='ltr'><strong>ad</strong></span> <span class='ocrx_word' id='word_1_185' title='bbox 202 2035 351 2109; x_wconf 82' lang='lat' dir='ltr'><strong>praefatum</strong></span> <span class='ocrx_word' id='word_1_186' title='bbox 367 2039 409 2092; x_wconf 91' lang='lat' dir='ltr'><strong>ius</strong></span> <span class='ocrx_word' id='word_1_187' title='bbox 424 2038 582 2112; x_wconf 89' lang='lat' dir='ltr'><strong>pertinent,</strong></span> <span class='ocrx_word' id='word_1_188' title='bbox 604 2039 732 2112; x_wconf 82' lang='lat' dir='ltr'><strong>ignorare</strong></span> <span class='ocrx_word' id='word_1_189' title='bbox 740 2038 759 2093; x_wconf 88' lang='lat'><strong>&#39;.</strong></span> <span class='ocrx_word' id='word_1_190' title='bbox 781 2037 823 2092; x_wconf 90' lang='lat' dir='ltr'><strong>vel</strong></span> <span class='ocrx_word' id='word_1_191' title='bbox 838 2037 877 2109; x_wconf 91' lang='lat' dir='ltr'><strong>ll,</strong></span> <span class='ocrx_word' id='word_1_192' title='bbox 894 2037 945 2110; x_wconf 82' lang='lat'><strong>20,</strong></span> <span class='ocrx_word' id='word_1_193' title='bbox 962 2039 991 2096; x_wconf 89' lang='lat'><strong>3.</strong></span> <span class='ocrx_word' id='word_1_194' title='bbox 1024 2036 1117 2095; x_wconf 79' lang='lat' dir='ltr'><strong>‘cuius</strong></span> 
     </span>
     <span class='ocr_line' id='line_1_23' title="bbox 153 2121 1119 2197; baseline 0.003 -20"><span class='ocrx_word' id='word_1_195' title='bbox 153 2121 357 2177; x_wconf 90' lang='lat' dir='ltr'><strong>constitutionis</strong></span> <span class='ocrx_word' id='word_1_196' title='bbox 373 2138 537 2196; x_wconf 89' lang='lat' dir='ltr'><strong>perpensum</strong></span> <span class='ocrx_word' id='word_1_197' title='bbox 548 2122 702 2196; x_wconf 76' lang='lat' dir='ltr'><strong>modumex</strong></span> <span class='ocrx_word' id='word_1_198' title='bbox 718 2123 803 2196; x_wconf 89' lang='lat' dir='ltr'><strong>ipsius</strong></span> <span class='ocrx_word' id='word_1_199' title='bbox 815 2131 911 2179; x_wconf 90' lang='lat' dir='ltr'><strong>tenore</strong></span> <span class='ocrx_word' id='word_1_200' title='bbox 921 2123 1119 2197; x_wconf 79' lang='lat' dir='ltr'><strong>perfectissime</strong></span> 
     </span>
     <span class='ocr_line' id='line_1_24' title="bbox 154 2205 1119 2283; baseline 0.003 -22"><span class='ocrx_word' id='word_1_201' title='bbox 154 2207 275 2279; x_wconf 88' lang='lat' dir='ltr'><strong>accipere</strong></span> <span class='ocrx_word' id='word_1_202' title='bbox 291 2205 420 2278; x_wconf 87' lang='lat' dir='ltr'><strong>possibile</strong></span> <span class='ocrx_word' id='word_1_203' title='bbox 435 2205 506 2262; x_wconf 88' lang='lat' dir='ltr'><strong>est.&#39;</strong></span> <span class='ocrx_word' id='word_1_204' title='bbox 528 2206 562 2278; x_wconf 91' lang='lat' dir='ltr'><strong>ll,</strong></span> <span class='ocrx_word' id='word_1_205' title='bbox 578 2206 629 2278; x_wconf 89' lang='grc'>20,</span> <span class='ocrx_word' id='word_1_206' title='bbox 645 2207 695 2264; x_wconf 86' lang='grc'><strong>27.</strong></span> <span class='ocrx_word' id='word_1_207' title='bbox 727 2205 819 2280; x_wconf 78' lang='lat' dir='ltr'><strong>‘qnod</strong></span> <span class='ocrx_word' id='word_1_208' title='bbox 835 2207 974 2264; x_wconf 89' lang='lat' dir='ltr'><strong>evidenter</strong></span> <span class='ocrx_word' id='word_1_209' title='bbox 988 2209 1119 2283; x_wconf 82' lang='lat' dir='ltr'><strong>exipsius</strong></span> 
     </span>
     <span class='ocr_line' id='line_1_25' title="bbox 155 2290 1117 2366; baseline 0.004 -22"><span class='ocrx_word' id='word_1_210' title='bbox 155 2290 358 2345; x_wconf 90' lang='lat' dir='ltr'><strong>constitutionis</strong></span> <span class='ocrx_word' id='word_1_211' title='bbox 383 2290 503 2346; x_wconf 89' lang='lat' dir='ltr'><strong>lectione</strong></span> <span class='ocrx_word' id='word_1_212' title='bbox 529 2291 674 2347; x_wconf 89' lang='lat' dir='ltr'><strong>clarescit.’</strong></span> <span class='ocrx_word' id='word_1_213' title='bbox 700 2290 946 2364; x_wconf 84' lang='lat' dir='ltr'><strong>addclV,18,8.</strong></span> <span class='ocrx_word' id='word_1_214' title='bbox 965 2290 1013 2347; x_wconf 87' lang='grc'><strong>12.</strong></span> <span class='ocrx_word' id='word_1_215' title='bbox 1036 2309 1117 2366; x_wconf 88' lang='lat' dir='ltr'><strong>quem</strong></span> 
     </span>
     <span class='ocr_line' id='line_1_26' title="bbox 153 2372 1119 2450; baseline 0.004 -22"><span class='ocrx_word' id='word_1_216' title='bbox 153 2372 263 2428; x_wconf 91' lang='lat' dir='ltr'><strong>titulum</strong></span> <span class='ocrx_word' id='word_1_217' title='bbox 278 2375 358 2429; x_wconf 92' lang='lat' dir='ltr'><strong>etiam</strong></span> <span class='ocrx_word' id='word_1_218' title='bbox 374 2374 432 2430; x_wconf 88' lang='lat' dir='ltr'><strong>aliis</strong></span> <span class='ocrx_word' id='word_1_219' title='bbox 448 2375 482 2430; x_wconf 90' lang='lat' dir='ltr'><strong>de</strong></span> <span class='ocrx_word' id='word_1_220' title='bbox 497 2377 583 2431; x_wconf 89' lang='lat' dir='ltr'><strong>causis</strong></span> <span class='ocrx_word' id='word_1_221' title='bbox 600 2375 701 2446; x_wconf 91' lang='lat' dir='ltr'><strong>eidem,</strong></span> <span class='ocrx_word' id='word_1_222' title='bbox 723 2374 812 2450; x_wconf 86' lang='lat' dir='ltr'><strong>quil,</strong></span> <span class='ocrx_word' id='word_1_223' title='bbox 836 2376 852 2431; x_wconf 95' lang='lat'><strong>1</strong></span> <span class='ocrx_word' id='word_1_224' title='bbox 880 2376 1013 2448; x_wconf 85' lang='lat' dir='ltr'><strong>coniecit,</strong></span> <span class='ocrx_word' id='word_1_225' title='bbox 1033 2377 1119 2432; x_wconf 89' lang='lat' dir='ltr'><strong>viudi-</strong></span> 
     </span>
     <span class='ocr_line' id='line_1_27' title="bbox 153 2457 1116 2534; baseline 0.005 -22"><span class='ocrx_word' id='word_1_226' title='bbox 153 2457 280 2512; x_wconf 86' lang='lat' dir='ltr'><strong>cavimus.</strong></span> <span class='ocrx_word' id='word_1_227' title='bbox 322 2457 400 2513; x_wconf 78' lang='lat' dir='ltr'><strong>Alter</strong></span> <span class='ocrx_word' id='word_1_228' title='bbox 425 2467 520 2514; x_wconf 87' lang='lat' dir='ltr'><strong>contra</strong></span> <span class='ocrx_word' id='word_1_229' title='bbox 545 2467 611 2532; x_wconf 39' lang='lat' dir='ltr'><strong>apte,</strong></span> <span class='ocrx_word' id='word_1_230' title='bbox 628 2466 656 2514; x_wconf 90' lang='lat' dir='ltr'><strong>et</strong></span> <span class='ocrx_word' id='word_1_231' title='bbox 676 2459 835 2534; x_wconf 85' lang='lat' dir='ltr'><strong>simpliciter</strong></span> <span class='ocrx_word' id='word_1_232' title='bbox 855 2461 929 2516; x_wconf 86' lang='lat' dir='ltr'><strong>velut</strong></span> <span class='ocrx_word' id='word_1_233' title='bbox 944 2459 991 2529; x_wconf 92' lang='lat' dir='ltr'><strong>lll,</strong></span> <span class='ocrx_word' id='word_1_234' title='bbox 1015 2461 1116 2534; x_wconf 82' lang='grc'><strong>1,14.</strong></span> 
     </span>
     <span class='ocr_line' id='line_1_28' title="bbox 153 2539 1118 2620; baseline 0.005 -25"><span class='ocrx_word' id='word_1_235' title='bbox 153 2539 187 2596; x_wconf 93' lang='lat' dir='ltr'><strong>de</strong></span> <span class='ocrx_word' id='word_1_236' title='bbox 202 2541 346 2598; x_wconf 88' lang='lat' dir='ltr'><strong>admodum</strong></span> <span class='ocrx_word' id='word_1_237' title='bbox 362 2542 466 2616; x_wconf 80' lang='lat' dir='ltr'><strong>prolixa</strong></span> <span class='ocrx_word' id='word_1_238' title='bbox 481 2545 677 2599; x_wconf 91' lang='lat' dir='ltr'><strong>constitutione</strong></span> <span class='ocrx_word' id='word_1_239' title='bbox 694 2541 779 2618; x_wconf 76' lang='lat' dir='ltr'><strong>‘quae</strong></span> <span class='ocrx_word' id='word_1_240' title='bbox 790 2545 944 2618; x_wconf 81' lang='lat' dir='ltr'><strong>specialiter</strong></span> <span class='ocrx_word' id='word_1_241' title='bbox 959 2551 986 2600; x_wconf 89' lang='lat' dir='ltr'><strong>et</strong></span> <span class='ocrx_word' id='word_1_242' title='bbox 996 2545 1118 2620; x_wconf 80' lang='lat' dir='ltr'><strong>singilla-</strong></span> 
     </span>
     <span class='ocr_line' id='line_1_29' title="bbox 153 2625 1119 2702; baseline 0.006 -22"><span class='ocrx_word' id='word_1_243' title='bbox 153 2626 201 2681; x_wconf 94' lang='lat' dir='ltr'><strong>tim</strong></span> <span class='ocrx_word' id='word_1_244' title='bbox 223 2642 255 2681; x_wconf 82' lang='lat' dir='ltr'><strong>ex</strong></span> <span class='ocrx_word' id='word_1_245' title='bbox 276 2625 411 2700; x_wconf 84' lang='lat' dir='ltr'><strong>praefatae</strong></span> <span class='ocrx_word' id='word_1_246' title='bbox 431 2629 636 2684; x_wconf 89' lang='lat' dir='ltr'><strong>constitutionis</strong></span> <span class='ocrx_word' id='word_1_247' title='bbox 662 2635 758 2684; x_wconf 88' lang='lat' dir='ltr'><strong>tenore</strong></span> <span class='ocrx_word' id='word_1_248' title='bbox 784 2635 900 2702; x_wconf 92' lang='lat' dir='ltr'><strong>possunt</strong></span> <span class='ocrx_word' id='word_1_249' title='bbox 920 2631 1066 2702; x_wconf 82' lang='lat' dir='ltr'><strong>cognosci&#39;</strong></span> <span class='ocrx_word' id='word_1_250' title='bbox 1090 2639 1119 2686; x_wconf 90' lang='lat' dir='ltr'><strong>et</strong></span> 
     </span>
     <span class='ocr_line' id='line_1_30' title="bbox 153 2709 1117 2785; baseline 0.007 -22"><span class='ocrx_word' id='word_1_251' title='bbox 153 2709 217 2766; x_wconf 91' lang='lat' dir='ltr'><strong>alias</strong></span> <span class='ocrx_word' id='word_1_252' title='bbox 233 2709 319 2766; x_wconf 88' lang='lat' dir='ltr'><strong>multo</strong></span> <span class='ocrx_word' id='word_1_253' title='bbox 334 2709 442 2766; x_wconf 91' lang='lat' dir='ltr'><strong>brevius</strong></span> <span class='ocrx_word' id='word_1_254' title='bbox 457 2711 502 2783; x_wconf 87' lang='lat' dir='ltr'><strong>lll,</strong></span> <span class='ocrx_word' id='word_1_255' title='bbox 518 2711 548 2784; x_wconf 86' lang='grc'>5,</span> <span class='ocrx_word' id='word_1_256' title='bbox 566 2714 593 2769; x_wconf 95' lang='grc'><strong>1.</strong></span> <span class='ocrx_word' id='word_1_257' title='bbox 612 2713 641 2784; x_wconf 83' lang='lat' dir='ltr'><strong>t,</strong></span> <span class='ocrx_word' id='word_1_258' title='bbox 657 2713 686 2770; x_wconf 91' lang='grc'><strong>3.</strong></span> <span class='ocrx_word' id='word_1_259' title='bbox 703 2713 754 2785; x_wconf 92' lang='grc'><strong>11,</strong></span> <span class='ocrx_word' id='word_1_260' title='bbox 770 2715 799 2773; x_wconf 88' lang='grc'><strong>7.</strong></span> <span class='ocrx_word' id='word_1_261' title='bbox 816 2711 874 2783; x_wconf 87' lang='grc'>29,</span> <span class='ocrx_word' id='word_1_262' title='bbox 890 2713 919 2770; x_wconf 89' lang='grc'><strong>3.</strong></span> <span class='ocrx_word' id='word_1_263' title='bbox 949 2713 998 2785; x_wconf 90' lang='lat' dir='ltr'><strong>lV,</strong></span> <span class='ocrx_word' id='word_1_264' title='bbox 1013 2713 1050 2785; x_wconf 90' lang='grc'><strong>4,</strong></span> <span class='ocrx_word' id='word_1_265' title='bbox 1068 2715 1117 2773; x_wconf 93' lang='grc'><strong>10.</strong></span> 
     </span>
     <span class='ocr_line' id='line_1_31' title="bbox 153 2793 1116 2872; baseline 0.005 -23"><span class='ocrx_word' id='word_1_266' title='bbox 153 2793 264 2850; x_wconf 84' lang='lat' dir='ltr'><strong>Tumori</strong></span> <span class='ocrx_word' id='word_1_267' title='bbox 279 2795 443 2851; x_wconf 92' lang='lat' dir='ltr'><strong>admiscetur</strong></span> <span class='ocrx_word' id='word_1_268' title='bbox 456 2797 574 2871; x_wconf 87' lang='lat' dir='ltr'><strong>upriore</strong></span> <span class='ocrx_word' id='word_1_269' title='bbox 589 2799 669 2854; x_wconf 91' lang='lat' dir='ltr'><strong>etiam</strong></span> <span class='ocrx_word' id='word_1_270' title='bbox 684 2797 770 2856; x_wconf 82' lang='lat' dir='ltr'><strong>fastus</strong></span> <span class='ocrx_word' id='word_1_271' title='bbox 786 2797 832 2854; x_wconf 93' lang='lat' dir='ltr'><strong>ille</strong></span> <span class='ocrx_word' id='word_1_272' title='bbox 847 2797 987 2853; x_wconf 89' lang='lat' dir='ltr'><strong>orientalis</strong></span> <span class='ocrx_word' id='word_1_273' title='bbox 1002 2800 1116 2872; x_wconf 88' lang='lat' dir='ltr'><strong>impera·</strong></span> 
     </span>
     <span class='ocr_line' id='line_1_32' title="bbox 151 2879 1116 2956; baseline 0.005 -23"><span class='ocrx_word' id='word_1_274' title='bbox 151 2881 220 2934; x_wconf 88' lang='lat' dir='ltr'><strong>toris</strong></span> <span class='ocrx_word' id='word_1_275' title='bbox 236 2879 270 2936; x_wconf 90' lang='lat' dir='ltr'><strong>de</strong></span> <span class='ocrx_word' id='word_1_276' title='bbox 285 2897 315 2936; x_wconf 91' lang='lat' dir='ltr'><strong>se</strong></span> <span class='ocrx_word' id='word_1_277' title='bbox 330 2879 469 2954; x_wconf 88' lang='lat' dir='ltr'><strong>loquentis</strong></span> <span class='ocrx_word' id='word_1_278' title='bbox 485 2883 583 2956; x_wconf 87' lang='lat' dir='ltr'><strong>suique</strong></span> <span class='ocrx_word' id='word_1_279' title='bbox 603 2881 709 2938; x_wconf 87' lang='lat' dir='ltr'><strong>laudem</strong></span> <span class='ocrx_word' id='word_1_280' title='bbox 729 2899 785 2938; x_wconf 91' lang='lat' dir='ltr'><strong>non</strong></span> <span class='ocrx_word' id='word_1_281' title='bbox 801 2881 984 2938; x_wconf 88' lang='lat' dir='ltr'><strong>erubescentis</strong></span> <span class='ocrx_word' id='word_1_282' title='bbox 1000 2883 1116 2938; x_wconf 90' lang='lat' dir='ltr'><strong>velutin</strong></span> 
     </span>
     <span class='ocr_line' id='line_1_33' title="bbox 152 2962 1118 3041; baseline 0.005 -23"><span class='ocrx_word' id='word_1_283' title='bbox 152 2963 207 3019; x_wconf 89' lang='lat' dir='ltr'><strong>illis</strong></span> <span class='ocrx_word' id='word_1_284' title='bbox 221 2962 242 3035; x_wconf 96' lang='lat' dir='ltr'><strong>l,</strong></span> <span class='ocrx_word' id='word_1_285' title='bbox 260 2965 309 3036; x_wconf 89' lang='lat'><strong>10,</strong></span> <span class='ocrx_word' id='word_1_286' title='bbox 327 2965 377 3021; x_wconf 93' lang='lat'><strong>11.</strong></span> <span class='ocrx_word' id='word_1_287' title='bbox 395 2963 478 3039; x_wconf 73' lang='lat' dir='ltr'><strong>‘quas</strong></span> <span class='ocrx_word' id='word_1_288' title='bbox 493 2968 521 3022; x_wconf 93' lang='lat' dir='ltr'><strong>in</strong></span> <span class='ocrx_word' id='word_1_289' title='bbox 536 2966 612 3023; x_wconf 92' lang='lat' dir='ltr'><strong>libris</strong></span> <span class='ocrx_word' id='word_1_290' title='bbox 628 2967 797 3041; x_wconf 78' lang='lat' dir='ltr'><strong>digestorum</strong></span> <span class='ocrx_word' id='word_1_291' title='bbox 812 2981 862 3022; x_wconf 90' lang='lat' dir='ltr'><strong>seu</strong></span> <span class='ocrx_word' id='word_1_292' title='bbox 876 2965 1069 3038; x_wconf 92' lang='lat' dir='ltr'><strong>pandectarum</strong></span> <span class='ocrx_word' id='word_1_293' title='bbox 1084 2983 1118 3023; x_wconf 82' lang='lat' dir='ltr'><strong>en</strong></span> 
     </span>
    </p>
   </div>
   <div class='ocr_carea' id='block_1_3' title="bbox 150 3047 1119 3548">
    <p class='ocr_par' dir='ltr' id='par_1_3' title="bbox 150 3047 1119 3548">
     <span class='ocr_line' id='line_1_34' title="bbox 152 3047 1115 3126; baseline 0.005 -24"><span class='ocrx_word' id='word_1_294' title='bbox 152 3049 238 3104; x_wconf 91' lang='lat' dir='ltr'><strong>veteri</strong></span> <span class='ocrx_word' id='word_1_295' title='bbox 253 3049 313 3105; x_wconf 91' lang='lat' dir='ltr'><strong>iure</strong></span> <span class='ocrx_word' id='word_1_296' title='bbox 329 3049 503 3106; x_wconf 89' lang='lat' dir='ltr'><strong>collectarum</strong></span> <span class='ocrx_word' id='word_1_297' title='bbox 519 3053 671 3108; x_wconf 89' lang='lat' dir='ltr'><strong>enumerari</strong></span> <span class='ocrx_word' id='word_1_298' title='bbox 686 3049 932 3126; x_wconf 89' lang='lat' dir='ltr'><strong>permisimus&#39;.</strong></span> <span class='ocrx_word' id='word_1_299' title='bbox 949 3047 974 3117; x_wconf 92' lang='lat' dir='ltr'><strong>l,</strong></span> <span class='ocrx_word' id='word_1_300' title='bbox 998 3050 1048 3122; x_wconf 92' lang='grc'><strong>11,</strong></span> <span class='ocrx_word' id='word_1_301' title='bbox 1067 3053 1115 3107; x_wconf 93' lang='lat'><strong>11.</strong></span> 
     </span>
     <span class='ocr_line' id='line_1_35' title="bbox 154 3129 1116 3210; baseline 0.003 -23"><span class='ocrx_word' id='word_1_302' title='bbox 154 3129 242 3188; x_wconf 69' lang='lat' dir='ltr'><strong>‘illius</strong></span> <span class='ocrx_word' id='word_1_303' title='bbox 259 3133 429 3208; x_wconf 90' lang='lat' dir='ltr'><strong>adoptionis,</strong></span> <span class='ocrx_word' id='word_1_304' title='bbox 455 3153 524 3210; x_wconf 92' lang='lat' dir='ltr'><strong>quae</strong></span> <span class='ocrx_word' id='word_1_305' title='bbox 539 3153 588 3210; x_wconf 87' lang='lat' dir='ltr'><strong>per</strong></span> <span class='ocrx_word' id='word_1_306' title='bbox 603 3153 708 3192; x_wconf 87' lang='lat' dir='ltr'><strong>sacrum</strong></span> <span class='ocrx_word' id='word_1_307' title='bbox 724 3135 862 3192; x_wconf 85' lang='lat' dir='ltr'><strong>oraculum</strong></span> <span class='ocrx_word' id='word_1_308' title='bbox 883 3132 930 3190; x_wconf 87' lang='lat' dir='ltr'><strong>bt’</strong></span> <span class='ocrx_word' id='word_1_309' title='bbox 957 3133 996 3206; x_wconf 90' lang='lat' dir='ltr'><strong>ll,</strong></span> <span class='ocrx_word' id='word_1_310' title='bbox 1013 3135 1048 3208; x_wconf 87' lang='grc'><strong>6,</strong></span> <span class='ocrx_word' id='word_1_311' title='bbox 1066 3135 1116 3191; x_wconf 90' lang='grc'><strong>14.</strong></span> 
     </span>
     <span class='ocr_line' id='line_1_36' title="bbox 154 3213 1117 3278; baseline 0.003 -7"><span class='ocrx_word' id='word_1_312' title='bbox 154 3213 265 3273; x_wconf 78' lang='lat' dir='ltr'><strong>‘nostra</strong></span> <span class='ocrx_word' id='word_1_313' title='bbox 278 3229 368 3275; x_wconf 88' lang='lat' dir='ltr'><strong>autem</strong></span> <span class='ocrx_word' id='word_1_314' title='bbox 384 3219 473 3276; x_wconf 91' lang='lat' dir='ltr'><strong>diviua</strong></span> <span class='ocrx_word' id='word_1_315' title='bbox 488 3221 682 3278; x_wconf 85' lang='lat' dir='ltr'><strong>constitutio’.</strong></span> <span class='ocrx_word' id='word_1_316' title='bbox 693 3263 715 3276; x_wconf 91' lang='lat'><strong>..</strong></span> <span class='ocrx_word' id='word_1_317' title='bbox 733 3219 958 3276; x_wconf 75' lang='lat' dir='ltr'><strong>‘sacratissimum</strong></span> <span class='ocrx_word' id='word_1_318' title='bbox 973 3220 1117 3275; x_wconf 90' lang='lat' dir='ltr'><strong>aerarium’</strong></span> 
     </span>
     <span class='ocr_line' id='line_1_37' title="bbox 210 3300 1117 3378; baseline 0 -21"><span class='ocrx_word' id='word_1_319' title='bbox 210 3300 243 3374; x_wconf 94' lang='lat' dir='ltr'><strong>ll,</strong></span> <span class='ocrx_word' id='word_1_320' title='bbox 260 3303 310 3375; x_wconf 81' lang='grc'><strong>19,</strong></span> <span class='ocrx_word' id='word_1_321' title='bbox 327 3305 355 3362; x_wconf 90' lang='grc'><strong>6.</strong></span> <span class='ocrx_word' id='word_1_322' title='bbox 387 3303 497 3362; x_wconf 68' lang='lat' dir='ltr'><strong>‘nostra</strong></span> <span class='ocrx_word' id='word_1_323' title='bbox 517 3305 755 3362; x_wconf 86' lang='lat' dir='ltr'><strong>benevolentia...</strong></span> <span class='ocrx_word' id='word_1_324' title='bbox 777 3304 830 3360; x_wconf 87' lang='lat' dir='ltr'><strong>boc</strong></span> <span class='ocrx_word' id='word_1_325' title='bbox 850 3305 996 3378; x_wconf 90' lang='lat' dir='ltr'><strong>praestavit</strong></span> <span class='ocrx_word' id='word_1_326' title='bbox 1017 3302 1117 3360; x_wconf 89' lang='lat' dir='ltr'><strong>beueli·</strong></span> 
     </span>
     <span class='ocr_line' id='line_1_38' title="bbox 152 3387 1119 3463; baseline 0.003 -22"><span class='ocrx_word' id='word_1_327' title='bbox 152 3387 222 3442; x_wconf 90' lang='lat' dir='ltr'><strong>oium</strong></span> <span class='ocrx_word' id='word_1_328' title='bbox 239 3395 266 3443; x_wconf 93' lang='lat' dir='ltr'><strong>et</strong></span> <span class='ocrx_word' id='word_1_329' title='bbox 281 3390 506 3446; x_wconf 87' lang='lat' dir='ltr'><strong>constitutionem</strong></span> <span class='ocrx_word' id='word_1_330' title='bbox 527 3397 580 3446; x_wconf 88' lang='lat' dir='ltr'><strong>tam</strong></span> <span class='ocrx_word' id='word_1_331' title='bbox 601 3391 789 3463; x_wconf 88' lang='lat' dir='ltr'><strong>aequissimam</strong></span> <span class='ocrx_word' id='word_1_332' title='bbox 810 3405 890 3461; x_wconf 86' lang='lat' dir='ltr'><strong>qnam</strong></span> <span class='ocrx_word' id='word_1_333' title='bbox 914 3387 1030 3444; x_wconf 90' lang='lat' dir='ltr'><strong>nobilem</strong></span> <span class='ocrx_word' id='word_1_334' title='bbox 1052 3389 1119 3444; x_wconf 89' lang='lat' dir='ltr'><strong>scri-</strong></span> 
     </span>
     <span class='ocr_line' id='line_1_39' title="bbox 150 3471 1118 3548; baseline 0.003 -23"><span class='ocrx_word' id='word_1_335' title='bbox 150 3471 234 3544; x_wconf 87' lang='lat' dir='ltr'><strong>psit&#39;.</strong></span> <span class='ocrx_word' id='word_1_336' title='bbox 257 3471 290 3547; x_wconf 94' lang='lat' dir='ltr'><strong>ll,</strong></span> <span class='ocrx_word' id='word_1_337' title='bbox 307 3473 358 3548; x_wconf 89' lang='grc'>20,</span> <span class='ocrx_word' id='word_1_338' title='bbox 375 3473 403 3530; x_wconf 93' lang='grc'><strong>2.</strong></span> <span class='ocrx_word' id='word_1_339' title='bbox 421 3475 532 3531; x_wconf 77' lang='lat' dir='ltr'><strong>‘nostra</strong></span> <span class='ocrx_word' id='word_1_340' title='bbox 547 3475 723 3545; x_wconf 85' lang='lat' dir='ltr'><strong>constitutio,</strong></span> <span class='ocrx_word' id='word_1_341' title='bbox 746 3489 824 3546; x_wconf 90' lang='lat' dir='ltr'><strong>quam</strong></span> <span class='ocrx_word' id='word_1_342' title='bbox 846 3489 907 3538; x_wconf 91' lang='lat' dir='ltr'><strong>cum</strong></span> <span class='ocrx_word' id='word_1_343' title='bbox 929 3489 1026 3548; x_wconf 81' lang='lat' dir='ltr'><strong>magna</strong></span> <span class='ocrx_word' id='word_1_344' title='bbox 1040 3473 1118 3528; x_wconf 89' lang='lat' dir='ltr'><strong>lucu·</strong></span> 
     </span>
    </p>
   </div>
   <div class='ocr_carea' id='block_1_4' title="bbox 0 0 1246 3916">
    <p class='ocr_par' dir='ltr' id='par_1_4' title="bbox 0 0 1246 3916">
     <span class='ocr_line' id='line_1_40' title="bbox 0 0 1246 3916; baseline 0 0"><span class='ocrx_word' id='word_1_345' title='bbox 0 0 1246 3916; x_wconf 95' lang='lat' dir='ltr'><strong> </strong></span> 
     </span>
    </p>
   </div>
  </div>
 </body>
</html>
