2464 3916
173 213 232 276 100
270 231 304 264 ne
325 227 506 274 sinuentur„
528 225 601 270 Ques
621 225 656 261 nn
675 226 831 262 surnsraro
850 225 1036 261 naruauurun
1048 209 1098 269 111,
1113 211 1135 261 1.

136 383 148 430 1
235 364 444 425 ¹lntestatorum
466 378 555 424 autem
579 367 742 424 hereditates
763 385 796 423 er
817 367 878 441 lege
899 366 1041 423 duodecim
1062 364 1137 420 tabu·

134 463 149 509 a
167 456 254 512 larum
275 455 390 528 primurn
411 453 443 508 ad
464 469 530 509 suos
545 452 660 508 heredes
674 454 820 528 pertinent.
857 451 905 507 Sni
919 460 1009 507 autem
1022 449 1138 506 heredes

168 540 371 608 existimantur,
388 546 418 594 ut
434 547 461 592 et
476 553 558 611 supra
573 529 726 607 diximus,²
742 537 830 610 quiin
846 543 981 610 potestate
997 536 1138 592 morientis

168 624 293 680 luerunt:
315 623 398 679 veluti
420 621 490 677 lilius
512 620 581 692 iilia,
604 637 690 695 nepos
711 622 833 695 neptisve
854 638 886 676 er
907 619 978 691 lilio,
999 635 1139 694 pronepos

168 709 342 782 proneptisve
363 724 396 764 er
420 714 520 780 nepote
541 705 596 762 lilio
617 714 681 761 nato
702 714 853 780 prognatus
874 713 1053 780 prognatave.
1089 720 1140 759 nec

129 801 156 848 2·
170 794 299 862 interest,
316 799 406 847 utrum
422 791 558 846 naturales
574 798 638 846 sunt
653 790 731 846 liberi
746 807 780 846 an
796 787 923 863 adoptivi.
955 787 1058 857 Quibus
1074 805 1140 844 con-

168 878 301 932 numerari
318 893 430 932 necesse
446 884 488 931 est
503 877 581 930 etiam
597 891 655 946 eos,
671 876 719 948 qui
733 891 766 931 es
780 875 909 948 legitimis
924 873 1033 948 quidem
1049 874 1140 928 matri·

168 963 268 1018 moniis
283 977 339 1016 non
355 969 419 1016 sunt
434 959 588 1034 progeniti,
610 961 691 1014 curis
711 967 800 1015 tamen
820 960 957 1016 civitatum
973 957 1028 1013 dati
1043 974 1140 1014 secun·

168 1047 232 1102 dum
254 1045 379 1101 divalium
399 1035 662 1115 constitutionum,³
684 1047 754 1118 'quac
775 1060 858 1117 super
877 1045 918 1100 bis
939 1045 1044 1118 positae
1064 1051 1140 1112 sunt,

166 1140 290 1186 tenorem
305 1146 418 1184 suorum
432 1130 491 1183 iura
506 1130 712 1184 naarciscuntur:
729 1144 779 1184 nec
793 1145 848 1184 uon
864 1144 927 1200 eos,
944 1144 1013 1202 quos
1029 1134 1140 1184 nostrae

168 1215 305 1288 amplexae
325 1223 389 1269 sunt
412 1207 660 1284 constitutiones,⁴
685 1229 734 1286 per
754 1229 821 1286 quas
842 1215 985 1284 iussimus,
1017 1206 1059 1268 ⁵si
1080 1212 1142 1286 quis
1165 1253 1167 1256 -

168 1298 308 1354 mulierem
322 1300 351 1354 in
362 1315 413 1354 suo
426 1296 605 1354 contubernio
617 1297 783 1371 copulaverit
798 1314 854 1353 non
865 1297 898 1353 ab
908 1299 986 1353 initio
998 1297 1140 1352 affectione

168 1383 298 1449 maritali,
319 1399 376 1438 eam
396 1391 502 1453 tamen,
523 1399 585 1438 eum
606 1399 658 1454 qua
679 1389 786 1455 poterat
801 1381 899 1438 habere
914 1383 1088 1456 coniugium,
1112 1390 1141 1436 et

168 1485 201 1524 ex
222 1484 253 1522 ea
279 1467 378 1524 liberos
400 1467 557 1537 sustulerit,
588 1473 683 1540 postea
709 1483 773 1522 vero
803 1465 943 1522 allectione
973 1465 1141 1540 procedente

168 1554 248 1608 etiam
269 1553 399 1626 nuptialia
420 1553 599 1607 instrumenta
619 1567 679 1606 cum
701 1568 731 1606 ea
751 1551 846 1606 lecerit
867 1549 993 1625 filiosque
1010 1551 1051 1606 vel
1071 1549 1140 1606 filias

168 1636 306 1692 habuerit:
330 1653 385 1692 non
406 1635 495 1692 solum
517 1652 564 1691 eos
585 1635 701 1706 liberos,
724 1637 769 1708 qui
789 1644 853 1709 post
873 1635 964 1692 dotem
980 1635 1046 1692 editi
1063 1643 1140 1704 sunt,
1229 1659 1230 1686 1

92 1723 97 1734 '
167 1723 255 1776 iustos
272 1728 298 1774 et
314 1721 342 1775 in
357 1727 493 1792 potestate
508 1736 567 1774 esse
588 1718 725 1792 patribus,
746 1719 793 1775 sed
809 1721 889 1775 etiarn
904 1721 1070 1791 anteriores,
1092 1721 1141 1793 qui

169 1814 196 1859 et
211 1805 269 1873 his,
288 1805 333 1875 qui
346 1812 441 1876 postea
456 1805 511 1859 nati
526 1811 601 1874 sunt,
618 1805 787 1859 occasionem
801 1804 914 1878 legitimi
930 1806 1047 1861 nominis
1063 1820 1141 1878 prae·

167 1890 311 1944 stiterunt:
343 1887 416 1962 quod
443 1889 567 1961 optinere
593 1889 763 1960 censuimus,
793 1891 897 1944 etiamsi
923 1906 977 1945 nou
1001 1889 1142 1963 progeniti

169 1972 270 2028 inerint
291 1979 355 2046 post
376 1972 465 2028 dotale
485 1974 695 2028 instrumentum
716 1973 870 2029 coniectum
895 1973 972 2030 liberi
990 1975 1032 2029 vel
1057 1975 1140 2028 etiam

50 2112 53 2118 ,
128 2053 224 2112 ainau
244 2055 276 2112 ab
298 2058 347 2113 bac
368 2055 428 2112 luce
443 2056 575 2113 subtracti
589 2057 699 2113 luerint.
737 2050 793 2113 ⁶lta
814 2059 921 2114 demum
943 2067 1031 2114 tamen
1053 2074 1142 2131 nepos
1228 2117 1229 2126 ,

169 2143 290 2215 neptisve
318 2151 345 2197 et
370 2159 507 2216 pronepos
532 2143 707 2216 proneptisve
732 2159 844 2199 suorum
869 2143 998 2199 heredum
1025 2157 1142 2198 numero
1228 2131 1229 2152 ¹

168 2234 248 2297 sunt,
264 2228 287 2282 si
301 2227 465 2300 praecedens
480 2243 597 2300 persona
613 2226 722 2282 desierit
736 2228 764 2282 in
779 2235 916 2301 potestate
931 2229 1050 2302 parentis
1067 2244 1141 2297 esse,

168 2312 224 2365 sive
240 2319 329 2366 morte
344 2311 371 2365 id
386 2311 514 2366 acciderit
529 2313 585 2366 sive
600 2311 651 2366 alia
665 2312 787 2383 ratione,
809 2312 893 2368 veluti
909 2313 1141 2387 emancipatione:

169 2411 229 2448 nam
245 2396 268 2448 si
282 2411 332 2467 per
346 2394 373 2448 id
388 2403 510 2467 tempus,
533 2411 587 2467 quo
604 2395 664 2466 quis
680 2404 849 2468 moreretur,
871 2395 943 2452 filius
959 2399 985 2452 iu
1000 2403 1140 2471 potestate

169 2479 227 2532 eius
242 2479 292 2548 sit,
314 2495 400 2551 nepos
416 2494 449 2532 es
464 2493 497 2533 eo
512 2494 579 2532 suus
593 2479 673 2534 heres
689 2497 819 2536 essenon
835 2489 936 2554 potest.
972 2481 1054 2555 idque
1070 2489 1098 2536 et
1113 2481 1144 2534 in
1227 2495 1228 2530 t

169 2563 267 2618 ceteris
290 2561 416 2636 deinceps
437 2560 583 2617 liberorum
604 2566 728 2636 personis
744 2565 845 2620 dictum
860 2565 1053 2639 intellegimus.
1090 2581 1145 2638 po·

169 2647 249 2702 stnmi
273 2663 397 2720 quoqne,
420 2647 482 2719 qui,
503 2647 526 2700 si
547 2648 606 2702 vivo
629 2655 741 2721 parente
756 2650 812 2704 nati
827 2658 933 2721 essent,
954 2652 982 2706 iu
1002 2656 1144 2723 potestate

135 2730 253 2786 3luturi
276 2731 383 2802 loreut,
405 2732 447 2786 sni
468 2729 581 2786 heredes
596 2740 670 2788 sunt.
707 2733 754 2788 Sui
775 2742 865 2789 autem
881 2735 959 2790 etiarn
980 2736 1145 2808 ignorantes

169 2813 238 2869 liunt
253 2815 367 2871 heredes
389 2823 432 2885 et,
453 2813 517 2870 licet
537 2814 633 2872 furiosi
647 2818 717 2888 sint,
740 2817 854 2873 heredes
875 2827 992 2891 possunt
1007 2819 1145 2874 existere:

169 2901 231 2970 qnia
253 2897 350 2971 quibus
372 2915 404 2954 ex
426 2900 512 2954 causis
534 2900 721 2973 ignorantibus
743 2901 896 2974 adquiritur
920 2901 1014 2973 nobis,
1041 2919 1074 2958 ex
1098 2903 1146 2958 his
1226 2899 1227 2906 '

169 2983 255 3036 causis
277 2990 304 3037 et
330 2982 440 3038 furiosis
467 2983 572 3057 adquiri
594 2992 696 3058 potest.
738 2993 766 3040 et
791 2989 881 3042 statim
907 2995 996 3042 morte
1020 2989 1147 3060 parentis

170 3067 246 3138 qnasi
266 3068 440 3122 continuatur
460 3067 622 3124 dominium:
649 3077 676 3124 et
701 3069 762 3124 ideo
783 3087 834 3126 nec
858 3073 957 3127 tutoris
979 3072 1149 3127 auctoritate

170 3167 238 3223 opus
261 3158 303 3205 est
324 3152 351 3206 in
372 3152 499 3224 pupillis,
521 3168 582 3207 cum
603 3153 683 3209 etiarn
704 3155 893 3228 ignorantibus
914 3155 1066 3229 adquiritur
1080 3158 1147 3211 suis

171 3281 373 3290 ..ῃ-..-

239 3364 257 3424 ¹)
276 3365 316 3425 §b-
337 3369 360 3413 1.
379 3369 403 3414 2.
420 3367 479 3439 fere
497 3388 530 3407 =
550 3367 605 3416 Gai.
625 3371 649 3424 3,
669 3371 693 3420 1.
712 3371 727 3417 2
745 3323 871 3432 pariano
908 3367 930 3438 ¹)
950 3373 974 3432 5.
994 3373 1019 3423 2.
1039 3371 1149 3424 deber.

171 3435 238 3494 qual.
267 3433 371 3493 (219).
459 3434 478 3498 θ)
500 3433 531 3486 L.
552 3437 576 3487 3.
595 3437 620 3486 4.
638 3437 662 3484 9.
682 3436 711 3486 0.
739 3439 771 3486 de
797 3445 851 3486 nat.
877 3438 919 3488 lib.
940 3435 975 3502 (ὃ,
993 3437 1045 3499 Ἡ).
1125 3439 1149 3500 ⁴)

170 3499 202 3545 L.
224 3500 263 3547 10.
284 3500 322 3550 lt.
345 3499 370 3547 C.
386 3503 442 3550 eod.
513 3501 532 3562 ⁵)
552 3521 584 3542 =
604 3503 635 3550 L.
656 3505 695 3552 ll.
714 3502 742 3552 0.
763 3506 804 3552 cit.
875 3504 896 3566 ὅ)
914 3525 948 3546 --
968 3506 1025 3558 Gai.
1038 3507 1061 3563 3,
1074 3506 1104 3554 2.
1121 3509 1150 3556 4.
