2486 3916
166 151 205 215 10
224 167 274 212 our
294 167 398 211 omnus
417 167 453 204 nx
471 167 568 203 censis
587 165 792 202 usnunrrrnnn
812 165 866 202 son
886 164 1009 202 rossusr
1028 151 1050 214 Ι,
1069 153 1093 201 6.

164 317 277 384 egentes
293 309 431 380 homines,
452 308 550 382 quibus
571 307 639 364 alius
655 309 735 364 heres
750 314 890 364 extaturus
906 324 962 364 nou
978 315 1066 378 esset,
1087 309 1133 365 vel

164 410 271 450 servum
286 411 365 450 suum
380 395 563 450 necessarium
577 391 705 449 heredem
726 391 857 463 babeant,
879 393 926 466 qui
940 391 1132 450 satisfacturus

164 485 237 534 esset
257 477 452 550 creditoribus,
479 486 540 548 aut,
562 477 615 534 hoc
635 493 668 534 eo
688 493 744 532 non
765 476 894 547 faciente,
917 475 1066 532 creditores
1086 493 1132 534 res

163 563 339 620 hereditarias
354 563 425 618 servi
444 563 554 620 nomine
574 561 707 632 vendant,
729 577 780 617 uec
799 562 896 616 iniuria
911 559 1057 618 defunctus
1073 560 1134 617 affi-

130 655 146 704 2
164 649 258 703 ciatur.
296 647 425 721 Idemque
439 648 504 703 luris
526 655 568 704 est
583 647 649 702 etsi
668 647 727 702 sine
746 645 872 702 libertate
886 661 981 700 servus
996 644 1076 702 beres
1090 648 1133 702 in·

163 732 276 788 stitutus
292 740 343 788 est.
376 731 450 805 quod
470 739 563 788 nostra
584 723 764 788 coustitutlo¹
784 746 839 786 non
854 729 944 786 solum
965 730 993 784 in
1009 728 1132 802 domino,

164 817 211 889 qui
225 815 356 873 solvendo
372 833 427 874 non
443 823 501 887 est,
521 815 570 872 sed
585 815 749 889 generaliter
768 815 911 870 constituit
925 829 994 870 nova
1009 814 1133 871 hnmani-

165 901 226 956 tatis
247 902 370 972 ratione,
392 909 422 956 ut
443 917 476 956 ex
495 902 553 974 ipsa
573 901 708 972 scriptura
722 899 902 954 institutionis
925 900 1005 954 etiam
1019 897 1132 956 libertas
1230 967 1231 990 χ

164 985 189 1040 ei
204 992 360 1058 competere
381 984 517 1054 videatur,
539 1000 601 1040 cum
622 1001 678 1039 non
699 991 740 1040 est
761 983 920 1053 verisimile,
944 999 1023 1054 eum,
1050 1000 1131 1056 quem

164 1069 292 1124 heredem
307 1068 357 1124 sihi
373 1068 471 1142 elegit,
492 1071 516 1126 si
530 1069 741 1142 praetermiserit
755 1067 887 1124 libertatis
903 1067 1057 1139 dationem,
1074 1081 1133 1124 scr·

131 1162 147 1210 3
166 1169 227 1208 vum
248 1169 388 1209 remanere
408 1153 528 1210 voluisse
548 1160 576 1209 et
596 1153 730 1208 neminem
750 1151 801 1208 sibi
823 1150 951 1208 heredem
970 1151 1040 1208 iore.
1079 1145 1132 1208 ²ln

165 1236 286 1292 iraudcm
307 1245 397 1294 autem
417 1237 583 1294 creditorum
604 1238 794 1292 manumittere
814 1236 937 1307 videtur,
960 1237 1007 1310 qui
1022 1236 1065 1294 vel
1080 1238 1132 1292 iam
1231 1263 1232 1272 κ

165 1337 198 1377 eo
216 1330 353 1395 tempore,
375 1338 429 1396 quo
445 1323 624 1392 manumittit,
646 1320 777 1378 solvendo
792 1337 848 1377 non
863 1328 921 1390 est,
944 1320 984 1376 vel
1000 1322 1046 1394 qui
1062 1319 1132 1378 datis

165 1404 334 1462 libertatibus
355 1407 494 1464 desiturus
514 1415 557 1463 est
577 1405 709 1462 solvendo
730 1422 800 1462 esse.
838 1404 1019 1479 praevaluisse
1040 1413 1132 1462 tamen

163 1489 286 1563 videtur,
301 1493 353 1547 nisi
366 1492 484 1548 animum
496 1507 606 1565 quoque
617 1489 757 1546 fraudandi
768 1491 947 1546 manumissor
957 1489 1059 1560 habuit,
1076 1506 1133 1546 non

154 1574 287 1648 'impediri
302 1575 469 1640 libertatem,
492 1577 612 1649 quamvis
627 1575 698 1632 bona
714 1575 772 1630 eius
788 1573 967 1632 creditoribus
983 1591 1039 1630 non
1054 1572 1133 1630 sulfi-

165 1659 250 1714 ciant:
272 1675 351 1732 saepe
367 1661 438 1716 enim
454 1660 487 1714 de
502 1658 675 1715 facultatibus
691 1660 747 1714 suis
763 1658 877 1732 amplius
893 1675 972 1732 quam
987 1659 1015 1714 in
1030 1659 1072 1714 his
1088 1668 1133 1716 est

164 1750 274 1814 sperant
291 1743 428 1799 homines.
466 1745 558 1816 itaque
584 1749 651 1798 tunc
671 1742 856 1816 intellegimus
876 1742 1001 1816 impediri
1022 1741 1132 1800 liberta·

165 1834 236 1896 tem,
252 1843 312 1882 cum
329 1835 446 1900 utroque
462 1826 543 1884 modo
559 1826 719 1882 ireudantur
734 1827 900 1899 creditores,
921 1827 950 1882 id
965 1836 1007 1884 est
1022 1835 1049 1884 et
1065 1844 1131 1884 ccu-
1233 1841 1234 1848 ¹

164 1909 226 1966 silio
246 1913 460 1968 manumittentis
482 1912 588 1985 etipsa
608 1928 653 1984 re,
675 1927 707 1968 eo
728 1911 802 1985 quod
822 1910 893 1968 bona
913 1928 969 1970 non
985 1911 1131 1968 suffectura

164 2002 229 2051 sunt
244 1995 433 2053 creditoribus.

130 2090 148 2138 4
228 2072 240 2114 ³
253 2079 350 2138 Eadem
365 2081 427 2156 lege
442 2081 516 2138 Aelia
532 2081 623 2137 Sentia
638 2079 748 2138 domino
765 2079 862 2137 minori
877 2082 953 2137 annis
968 2082 1131 2155 vigintinou
1234 2073 1235 2078 ’

165 2165 243 2222 aliter
264 2168 452 2222 manumittere
472 2167 654 2241 permittitur,
677 2182 756 2240 quam
777 2167 800 2221 si
820 2165 935 2221 vindicta
956 2165 1027 2240 apud
1043 2167 1132 2222 consi·

165 2249 231 2304 lium
246 2249 316 2305 iusta
336 2267 415 2306 causa
436 2251 653 2306 manumissionis
674 2249 820 2322 adprobate
842 2251 924 2305 luerit
944 2252 1100 2306 manumissi
1108 2245 1129 2305 ⁴.

131 2327 147 2376 5
167 2325 272 2388 ⁵lustae
287 2341 376 2389 autem
392 2335 609 2390 manumissionis
621 2350 716 2389 causae
729 2342 803 2405 sunt,
818 2334 901 2390 veluti
915 2335 1011 2408 siquis
1027 2344 1132 2408 patrem

165 2425 211 2472 aut
226 2424 339 2473 matrem
354 2425 400 2473 aut
415 2416 499 2474 lilium
514 2415 628 2474 filiamve
643 2425 690 2474 aut
700 2418 809 2474 fratrem
824 2435 980 2474 sororemve
995 2419 1132 2476 naturales

166 2508 212 2556 sut
232 2500 438 2576 paedagogum,
471 2504 620 2574 nutricem,
642 2502 815 2560 educatorem
836 2511 883 2560 aut
914 2502 1053 2560 alumnum
1074 2503 1131 2560 alu·

165 2600 286 2641 mnamve
301 2594 348 2641 aut
363 2585 557 2644 collactaneum
569 2589 750 2658 manumittat,
765 2595 812 2644 aut
827 2604 934 2644 servum
944 2589 1131 2662 procuratoris

166 2669 280 2727 habendi
301 2671 404 2744 gratia,
431 2678 478 2726 aut
501 2670 624 2728 ancillam
645 2673 808 2730 matrimonii
834 2689 929 2743 causa,
955 2673 1019 2729 dum
1040 2681 1133 2730 tamen

164 2755 235 2810 intra
250 2771 296 2810 ser
312 2771 419 2812 menses
434 2771 504 2812 uuor
523 2756 652 2828 ducatur,
679 2757 732 2814 nisi
754 2757 823 2812 iusta
845 2773 925 2813 cause
939 2757 1083 2831 impediat,
1105 2765 1133 2814 et

166 2841 212 2912 qui
226 2841 423 2896 manumittitur
434 2842 619 2914 procuratoris
632 2839 745 2898 habendi
756 2843 858 2915 gratia,
873 2859 908 2898 ue
923 2843 1011 2898 minor
1025 2850 1132 2916 septem

233 3101 255 3172 ¹)
273 3107 305 3156 L.
325 3107 350 3156 ὅ.
369 3106 398 3160 0.
417 3107 450 3158 de
467 3122 596 3159 necessor.
614 3108 668 3157 ber.
690 3109 749 3158 inst.
769 3105 804 3174 (6,
823 3103 876 3174 27).
945 3107 966 3173 ²)
984 3109 1080 3172 partim
1097 3129 1132 3150 =

165 3174 199 3226 L.
212 3175 252 3227 10.
265 3174 298 3225 D.
317 3175 361 3239 qui
382 3180 435 3224 eta
448 3175 514 3240 quib.
536 3191 641 3226 manunt.
656 3172 713 3240 (40,
732 3173 760 3242 9)
782 3191 818 3225 erc
842 3176 902 3226 Gaii
917 3180 934 3226 l.
955 3179 968 3226 1
987 3192 1040 3226 rer.
1061 3185 1132 3242 quot.

165 3237 186 3306 8)
204 3261 237 3282 =
258 3241 314 3291 Gai.
334 3243 356 3300 1,
375 3243 416 3294 38.
503 3240 524 3306 ⁴)
542 3245 580 3294 sic
597 3245 673 3297 codd.
690 3251 753 3302 oen,
776 3249 804 3292 ut
825 3245 998 3304 manumissi,
1014 3245 1133 3307 fortasse

165 3310 215 3358 iam
232 3326 249 3359 a
271 3309 426 3361 Triboniono
446 3310 505 3361 Gaii
521 3319 644 3378 corrupto
661 3313 718 3363 loco
736 3312 849 3362 additum
871 3329 888 3362 a
905 3312 1134 3366 manumissionis

164 3378 287 3494 ppnppat.
307 3377 411 3428 fuerint
424 3379 586 3430 manumissi
603 3381 678 3431 codd.
698 3380 775 3443 infer.
795 3381 855 3430 edd.
925 3377 948 3446 ⁶)
968 3379 1010 3444 ΟΛ·
1035 3379 1092 3434 Gai.
1108 3385 1132 3442 1,
