2464 3916
300 222 336 256 nn
355 221 497 256 dannanus
517 219 708 257 accusatorem
727 207 778 269 111,
798 207 823 259 6.
993 206 1054 272 115

89 363 226 420 debemus:
254 365 354 436 quippe
379 379 486 436 semper
507 371 636 436 generata
661 379 783 436 quaeque
808 379 925 436 persona
941 364 1052 438 gradum

88 447 194 520 adiciat,
218 455 248 502 ut
263 447 346 521 louge
360 446 464 502 facilius
480 447 516 503 sit
530 447 714 520 respondere,
736 455 821 520 quoto
838 449 952 522 quisque
968 449 1054 522 gradu

86 535 135 604 sit,
161 549 241 605 quam
266 533 376 606 propria
395 532 567 606 cognationis
586 531 767 604 appellatione
794 547 956 606 quemquam
970 533 1054 588 deno-

86 626 149 673 tare.
193 616 371 690 Adgnationis
398 632 508 689 quoque
529 615 628 690 gradus
649 615 745 671 coelem
766 616 847 672 modo
868 625 1052 674 numerantur.
1072 629 1088 678 8

86 701 136 757 Seal
160 719 222 758 cum
249 702 335 776 magis
360 702 458 756 veritas
474 699 581 756 oculata
606 698 658 756 fide
685 717 764 774 quam
789 717 839 774 per
859 717 937 757 aures
960 703 1088 760 animis‘a

85 787 224 841 hominum
249 784 388 859 infigitur,
414 785 477 841 ideo
503 785 684 840 necessarium
708 785 848 857 duximus,
874 794 938 860 post
964 804 1054 842 narra-

84 872 186 926 tionem
202 869 334 945 graduum
351 872 429 926 etiam
445 886 493 925 eos
512 869 648 942 praesenti
674 867 743 924 libro
768 868 894 941 inscribi,
922 878 1054 943 quatenus

84 956 191 1028 possint
210 963 237 1010 et
257 953 366 1010 auribus
390 962 417 1010 et
436 955 605 1028 inspectione
626 953 812 1010 adulescentes
832 953 1054 1027 perfectissimam

85 1038 218 1114 graduum
234 1039 383 1095 doctrinam
399 1030 540 1114 adipisci.1

148 1117 244 1179 ²111ud
259 1132 364 1179 certum
379 1133 437 1194 est,
465 1123 498 1178 ad
523 1123 634 1180 serviles
660 1125 837 1198 cognationes
863 1123 936 1178 illam
950 1132 1054 1198 partem
1074 1142 1105 1190 10

85 1208 182 1280 edicti,
198 1225 251 1282 qua
262 1209 441 1282 proximitatis
453 1209 562 1264 nomine
574 1207 708 1264 bonorum
721 1209 859 1282 possessio
874 1209 1054 1282 promittitur,

85 1310 140 1348 non
153 1294 306 1367 pertinere:
336 1309 397 1348 narn
421 1309 472 1348 nee
487 1293 541 1348 ulla
557 1294 667 1366 antiqua
687 1293 749 1367 lege
766 1291 824 1348 talis
840 1295 966 1367 cognatio
982 1309 1055 1349 com·

85 1377 239 1452 putabatur.
276 1379 324 1434 sed
349 1385 451 1440 nostra,
468 1369 695 1449 constitutione,3
721 1393 801 1450 quam
825 1394 875 1450 pro
890 1378 950 1432 iure
965 1386 1056 1450 patro-

84 1470 163 1518 natus
191 1463 303 1520 lecimus
331 1462 415 1536 (quod
441 1465 483 1518 ius
510 1479 598 1536 usque
623 1461 657 1516 acl
679 1470 773 1518 nostra
789 1470 911 1534 tempora
927 1463 991 1516 satis
1008 1461 1056 1516 ob·

85 1565 196 1604 scuram
220 1557 302 1622 atque
326 1545 398 1604 nube
424 1549 533 1622 plenum
560 1555 587 1602 et
608 1545 727 1620 undique
754 1545 899 1601 corriusum
914 1544 1012 1616 luerat)
1029 1553 1056 1600 et

84 1633 152 1704 lroc,
169 1633 335 1698 humanitate
350 1640 531 1708 suggerente,
548 1629 745 1702 concessimus,
762 1637 793 1686 ut
808 1631 832 1685 si
847 1630 906 1702 quis
921 1631 950 1684 iu
965 1630 1056 1684 servili

84 1718 226 1772 consortio
241 1719 407 1774 constitutus
422 1717 537 1774 liberum
549 1715 590 1771 vel
604 1713 704 1772 liberos
716 1713 840 1770 habuerit
855 1715 911 1768 sive
926 1731 959 1770 ex
974 1713 1057 1770 libera

84 1802 139 1856 sive
165 1800 272 1856 servilis
296 1802 461 1858 condicionis
487 1802 615 1870 muliere,
638 1783 684 1856 'rel
699 1807 796 1856 eontra
820 1791 897 1853 serva
912 1799 1009 1856 mulier
1024 1815 1056 1854 en
1120 1835 1122 1842 ,

84 1886 172 1943 libero
199 1887 241 1942 vel
267 1903 345 1942 servo
369 1887 491 1943 habuerit
516 1886 616 1942 liberos
643 1885 838 1959 cuiuscumque
859 1899 955 1956 sexus,
981 1893 1009 1939 et
1024 1883 1056 1938 arl

83 1971 239 2028 libertatem
259 1971 301 2026 his
315 1970 534 2044 pervenientibus
555 1969 641 2042 ethi,
664 1971 710 2043 qui
730 1981 764 2024 err
785 1968 876 2024 servili
893 1977 986 2024 ventre
1001 1969 1056 2022 nati

84 2065 166 2128 sunt,
188 2055 340 2113 libertatem
356 2063 528 2126 meruerunt,
551 2055 593 2110 vel
614 2054 677 2109 dum
699 2053 826 2109 mulieres
846 2051 947 2107 liberae
969 2061 1056 2120 erant,

83 2142 135 2215 ipsi
150 2143 182 2196 in
197 2141 327 2196 servitute
343 2135 407 2196 eas⁴
433 2140 586 2196 habueruut
612 2147 639 2194 et
662 2147 759 2211 postea
779 2137 812 2192 ad
827 2133 979 2190 libertatem
994 2152 1056 2208 per-

84 2233 238 2296 venerunt,
266 2232 296 2280 ut
319 2225 345 2282 lri
361 2242 455 2283 omues
471 2225 504 2281 ad
519 2224 719 2280 successionem
739 2221 781 2277 vel
801 2221 886 2294 patris
907 2219 949 2274 vel
963 2220 1060 2278 matris,

84 2312 212 2381 veniant,
227 2317 386 2382 patronatus
402 2312 460 2366 iure
474 2312 502 2366 in
516 2309 567 2365 hac
580 2314 657 2382 parte
678 2309 782 2380 sopito:
804 2305 855 2360 hos
871 2304 941 2358 euim
957 2302 1057 2358 liberos

83 2411 140 2450 non
156 2394 248 2450 solum
264 2396 291 2449 iu
306 2411 420 2450 suorum
434 2395 586 2469 parentium
601 2393 817 2462 successionem,
833 2387 880 2446 sed
897 2389 976 2444 etiam
992 2387 1058 2443 alte-

83 2496 145 2535 rum
161 2481 192 2534 in
206 2479 317 2534 alterius
333 2487 453 2534 mutuam
475 2480 674 2535 successionem
696 2475 862 2544 vocavimus,
889 2489 921 2528 ex
936 2472 980 2528 illa
996 2471 1058 2545 lege

84 2644 291 2652 w

139 2761 160 2826 ¹)
181 2762 318 2812 subiectum
332 2761 372 2812 hic
387 2763 563 2826 cognationum
572 2761 728 2822 diagramma
737 2757 818 2819 periit
827 2757 902 2804 etiam
914 2753 1056 2816 inTleoplc,

83 2832 164 2880 codd.
218 2827 240 2894 ²)
259 2831 286 2878 ia
304 2831 379 2884 codd.
398 2831 476 2892 infer.
495 2830 535 2878 ltic
547 2827 651 2877 rubrica
662 2826 784 2874 inseritur
801 2823 834 2870 de
849 2821 944 2872 servili
956 2835 1058 2885 cogna-

83 2899 165 2948 tione
177 2899 286 2963 indeque
298 2899 326 2946 in
334 2899 466 2963 plerisque
476 2899 533 2948 edd.
547 2910 624 2946 novus
633 2895 671 2942 tit.
686 2895 840 2942 numeratur.
867 2885 888 2956 ³)
898 2890 931 2938 L.
944 2890 970 2938 4.
981 2889 1004 2949 5.
1017 2891 1059 2939 10.

85 2967 112 3016 0.
134 2969 170 3016 de
188 2969 204 3016 i.
222 2973 328 3030 patron.
348 2965 382 3028 (6,
400 2963 436 3027 4).
505 2960 526 3024 ⁴)
544 2977 580 3013 ec.
599 2960 801 3011 contubernales.
822 2957 984 3007 servitutem
1011 2971 1058 3006 eos

70 3037 143 3084 'sinc
156 3051 231 3084 censu
245 3035 303 3086 edd.
323 3049 358 3083 ecc
376 3035 451 3084 codd.
462 3041 571 3096 praeter
582 3043 654 3080 unum
666 3029 752 3090 inser„
772 3027 815 3091 qui
833 3041 894 3084 ees,
914 3030 940 3074 et
951 3027 1058 3089 aliquos,
1120 3045 1124 3052 ·

84 3105 131 3166 qui
150 3104 288 3166 servitute⁴
301 3101 405 3151 tabeat.
421 3107 523 3164 spectat
539 3099 681 3162 imperator
698 3111 752 3144 eum
774 3108 871 3152 casum,
889 3094 921 3142 dc
940 3107 988 3157 quo
1001 3093 1061 3141 dict

82 3173 111 3218 in
130 3172 238 3233 iurispr.
258 3173 335 3220 antei.
354 3171 390 3218 ad
407 3169 480 3220 Paul.
499 3169 528 3224 4,
548 3167 591 3226 to,
610 3167 634 3214 2.
651 3181 678 3228 p.
697 3163 755 3212 424.
774 3163 822 3212 leuc
840 3169 891 3218 est,
913 3159 955 3210 ubi
971 3160 1059 3208 mulier

82 3239 198 3300 ingenua
224 3253 299 3288 servo
325 3238 409 3286 alieno
436 3237 570 3284 coniuncta
593 3239 671 3296 pacto
698 3245 733 3280 ea
760 3229 808 3282 SC.
839 3227 978 3278 Claudiano
1005 3241 1059 3274 cum

82 3305 177 3355 liberale
202 3308 255 3354 auis
275 3306 308 3353 'ia
335 3304 477 3354 libertinam
502 3301 674 3352 condicionem
695 3299 794 3348 domino
811 3297 880 3346 secui
895 3310 923 3344 se
941 3293 1059 3348 dederat,

81 3375 163 3436 isque
187 3389 277 3424 servus
299 3379 394 3436 postea
419 3371 581 3420 manumissus
608 3373 674 3418 erat.
706 3364 858 3428 Theophilus
884 3363 949 3412 lunc
973 3375 1059 3440 cusum

81 3441 188 3501 omisit,
216 3441 318 3491 ananim
335 3441 425 3490 aradis
451 3445 489 3501 et,
515 3437 614 3488 subluto
638 3434 687 3484 SC.
715 3432 868 3493 Claudiano,
894 3445 979 3493 paene
1004 3443 1060 3476 scae

75 3507 175 3568 fructu
192 3509 378 3573 eoeponendum.

291 3588 295 3594 .
861 3582 908 3642 8*
