2464 3916
164 189 227 256 202
393 187 456 250 ἴοι
475 203 607 242 sunntcrs
627 204 748 242 tuntum
767 189 813 248 tv,
834 191 874 240 18.

164 356 246 420 runt,
266 349 352 422 capito
373 347 523 420 puniuntur
537 345 688 406 monadum
702 353 813 404 nostras
827 338 1053 403 constitutionis¹
1069 341 1139 402 defi·

132 445 148 494 9
165 435 310 502 nitionsm,
331 447 364 488 ox
380 431 432 506 qua
453 431 518 488 hose
533 431 653 505 apertius
674 429 804 508 possibiia
818 437 861 486 ost
875 431 955 487 seim.
999 428 1055 486 Lar
1069 429 1139 486 iuiia

165 516 304 591 pssnintus
320 531 368 572 eos
383 516 471 589 ponit,
488 517 534 590 qui
548 518 690 590 pecuniam
705 514 748 572 vsi
759 511 960 589 rempublicam
976 514 1018 570 roi
1033 530 1139 572 mnam

167 599 208 658 rei
222 599 379 674 religiosam
394 599 475 656 iurati
491 599 603 657 inerint.
639 599 689 658 ssd
710 601 733 656 si
755 598 863 674 quidam
883 600 935 674 ipsi
948 597 1053 656 iudices
1068 606 1139 656 tem·

165 701 233 759 pore
253 684 492 742 administrationis
513 683 633 760 publioas
653 685 781 758 pecunias
801 683 1010 755 subtraxerunt,
1028 683 1139 758 capitati

166 768 396 828 animadversione
417 769 583 844 puniuntur,
609 779 638 826 st
662 785 718 826 non
738 767 828 826 solum
849 769 893 841 hi,
918 768 1069 828 sedanam
1092 770 1140 842 qui

166 854 342 912 ministerium
362 855 402 910 eis
422 853 454 910 od
471 854 529 912 hoc
548 852 729 912 adhibuerunt
753 853 794 910 voi
816 855 863 928 qni
882 853 1020 910 suirtmota
1041 851 1073 909 ab
1095 853 1140 908 his

166 940 284 996 sciontss
299 947 493 1012 susospornnt:
523 938 568 995 aiii
588 955 670 1010 vero,
691 939 780 1013 quiin
795 939 865 996 hans
878 939 968 1014 iopam
982 937 1140 1006 induntur,

115 1019 149 1097 if)
167 1039 270 1098 poenas
285 1022 480 1098 deportationis
496 1017 708 1097 subiugantur.²
736 1021 784 1078 Est
797 1015 846 1080 et³
860 1025 933 1080 inter
947 1021 1055 1097 pnbiioa
1068 1022 1140 1078 iudi·

168 1109 208 1164 oia
223 1107 266 1164 lex
281 1105 361 1164 liubin
376 1106 410 1163 de
430 1107 582 1183 plagiariis,
611 1123 680 1180 quae
700 1107 836 1165 interdurn
857 1109 952 1182 rapitis
973 1124 1091 1182 poenam
1106 1124 1139 1164 ex

118 1211 148 1260 11
167 1193 249 1250 souis
264 1191 507 1250 constitutionibus
521 1193 642 1266 irrogat,
656 1191 792 1249 interdum
806 1192 946 1250 terimam.
976 1191 1047 1250 Sunt
1061 1208 1140 1266 pras-

168 1286 243 1334 torea
256 1275 364 1350 publica
378 1275 476 1334 iudicia
495 1277 539 1334 ist
555 1276 622 1334 inlia
642 1276 758 1334 ambitus
778 1285 808 1334 st
825 1277 869 1334 isx
888 1276 955 1334 iulia
974 1276 1140 1350 repetunda·

166 1377 227 1418 rum
242 1369 270 1418 et
290 1361 334 1418 isx
348 1361 414 1418 lulis
435 1361 469 1418 do
490 1375 595 1419 annona
614 1369 643 1418 ot
662 1361 705 1418 lex
724 1361 791 1418 lniia
810 1362 845 1419 do
863 1362 994 1434 residuis,
1013 1377 1085 1436 quae
1106 1362 1141 1419 do

167 1447 248 1503 ontis
263 1445 387 1521 capitulis
408 1445 560 1522 loqurmtur
580 1453 608 1503 et
628 1448 730 1503 animas
756 1446 864 1522 qnidom
890 1449 1061 1504 amissionum
1083 1464 1141 1504 non

167 1533 301 1606 irrogant,
315 1531 373 1588 aliis
388 1539 478 1588 antem
493 1533 588 1606 poenis
603 1547 650 1588 eos
666 1529 813 1604 subiciunt,
826 1533 875 1606 qui
889 1539 1031 1608 praecepto
1046 1549 1139 1590 surum

168 1615 348 1689 neglexerint
1226 1659 1227 1666 ,

119 1717 151 1766 12
231 1699 286 1756 Sod
300 1700 334 1756 do
348 1699 463 1775 puhlicis
478 1701 582 1758 iudiciis
603 1702 670 1759 huso
690 1703 879 1776 exposuimus,
901 1711 932 1759 ut
953 1701 1029 1760 vohis
1050 1703 1140 1776 possi·
1226 1697 1227 1738 ἓ

167 1783 220 1838 bita
234 1785 272 1839 sit
293 1799 398 1840 summo
420 1784 507 1857 digito
527 1793 556 1840 ot
570 1788 647 1858 quasi
661 1785 838 1860 porindioem
859 1803 890 1844 ea
909 1788 1043 1863 tetigisse.
1075 1785 1140 1843 alio·

170 1867 235 1940 quio
250 1865 407 1940 diligentior
421 1883 517 1924 sorum
532 1870 644 1926 scientis
664 1869 740 1928 robis
761 1887 795 1927 rx
810 1870 951 1929 latioribus
965 1871 1139 1948 &postorum

169 1951 224 2008 sive
239 1949 431 2026 pandectarum
445 1951 520 2010 tibris
534 1951 588 2011 deo
602 1955 722 2029 propitia
738 1954 885 2014 adventum
899 1964 949 2014 est.

239 2199 259 2265 ¹)
277 2202 310 2256 L.
331 2205 353 2256 1.
374 2202 401 2256 G.
420 2203 453 2253 da
470 2210 548 2268 raptu
564 2206 627 2268 uiro.
647 2203 683 2267 (9,
703 2202 755 2270 tt).
813 2203 836 2270 ²>
853 2205 1000 2270 prusenus
1016 2205 1139 2268 cauponis

170 2270 331 2325 indicativum
347 2272 444 2322 modum
461 2271 536 2322 nabet
557 2271 668 2338 Tdeopii.
687 2273 761 2328 codd.
779 2275 847 2323 inter
864 2271 1056 2338 subiugantur,
1076 2271 1138 2322 snb·

171 2338 297 2402 ignom,
327 2337 528 2403 subiungentur
556 2339 672 2393 titubant.
759 2335 780 2405 ⁸)
808 2343 925 2408 plerique
955 2339 1031 2392 codd.
1061 2337 1138 2402 infer.

174 2403 285 2467 Tieopd.
306 2409 334 2454 ot
351 2421 397 2459 om.
417 2408 491 2461 codd.
508 2413 557 2461 oet.
577 2407 617 2462 ed.
636 2407 686 2461 Kr.
