2486 3916
225 205 268 271 60
434 222 470 256 nn
490 221 684 256 rnsrsusnurs
702 219 875 258 onnrstsnnrs
894 207 932 269 11,
952 207 990 256 to.

226 365 289 422 olim
306 362 415 436 quidem
430 362 484 418 duo
500 379 601 438 genera
616 370 841 418 testamentorum
856 363 884 418 in
900 378 952 416 usu
967 359 1061 432 fuisse,
1077 377 1172 434 quorum

226 448 312 504 altero
327 449 355 502 in
376 463 442 520 pace
463 455 491 502 et
512 448 540 502 in
562 449 619 503 otio
635 446 794 517 utebantur,
818 445 892 519 quod
912 445 1004 502 calatis
1019 447 1128 502 comitiis
1140 464 1173 518 ap·

224 531 390 605 pellabatur,
413 531 516 603 altero,
539 547 599 587 eum
614 533 641 586 in
656 531 790 604 proelium
805 531 904 586 exituri
919 535 1027 601 essent,
1044 529 1113 603 quod
1125 547 1173 604 pro-

225 617 344 672 cinctum
358 615 505 670 dicebatur.
541 617 655 672 accessit
670 615 767 671 deinde
782 616 893 671 tertium
914 631 1002 688 genus
1020 623 1173 670 testamento·

224 717 301 771 rum,
318 699 392 774 quod
407 699 547 756 dicebatur
560 717 609 774 per
624 716 669 756 aes
685 707 713 756 et
727 699 833 772 libram,
848 699 951 755 scilicet
966 701 1030 773 quia
1043 715 1091 772 per
1102 715 1173 752 eman·

225 787 397 858 cipationem‚
413 783 440 839 id
456 791 498 838 est
512 785 694 858 imaginariam
710 783 843 857 quandam
857 782 1042 840 venditionem
1056 781 1172 856 agebatur,

226 871 346 944 quinque
371 867 488 924 testibus
514 875 542 923 et
567 867 732 942 libripende,
759 867 859 924 civibus
885 866 1013 924 Romanis
1038 865 1173 941 puberibus,

223 951 412 1028 praesentibus
433 960 461 1007 et
482 968 531 1024 eo,
557 954 603 1026 qui
624 952 737 1008 familiae
759 959 866 1026 emptor
886 950 1036 1008 dicebatur.
1076 950 1119 1006 sed
1140 950 1173 1006 iiia

225 1038 335 1112 quidem
349 1037 441 1110 priora
456 1035 510 1091 duo
527 1053 628 1110 genera
643 1044 868 1092 testamentorum
884 1053 917 1092 ex
931 1035 1070 1092 veteribus
1090 1042 1172 1107 tempo·

223 1121 298 1178 ribus
319 1121 348 1175 in
368 1119 574 1176 desuetudinem
595 1119 732 1178 abierunt:
754 1120 829 1194 quod
850 1137 913 1177 vero
932 1138 984 1195 per
998 1137 1044 1176 aes
1060 1127 1086 1176 et
1099 1117 1173 1173 libram

225 1203 321 1272 fiebat,
344 1204 409 1260 iicet
429 1203 530 1260 diutius
550 1206 715 1278 permansit,
736 1214 855 1262 attamen
875 1207 973 1278 partim
988 1213 1017 1262 et
1034 1205 1122 1260 hocin
1135 1219 1172 1257 usu

190 1291 285 1345 2esse
301 1287 390 1346 desiit.
427 1287 480 1344 Sed
500 1289 638 1363 praedicta
658 1289 767 1364 quidem
788 1291 897 1346 nomina
915 1297 1133 1346 testamentorum
1149 1284 1173 1340 ad

223 1375 267 1432 ius
289 1372 366 1430 civile
385 1373 582 1430 referebantur.
622 1381 719 1448 postea
738 1391 803 1430 vero
825 1390 858 1429 ex
878 1374 967 1430 edicto
991 1373 1120 1448 praetoris
1136 1370 1171 1424 dia

224 1457 311 1514 iorma
331 1457 516 1514 faciendorum
537 1466 764 1514 testamentorum
785 1457 941 1514 introducta
960 1466 1017 1514 est:
1042 1460 1098 1513 iure
1118 1456 1171 1509 euin

224 1543 373 1600 honorario
385 1542 460 1598 uuila
474 1544 652 1617 emancipatio
667 1541 886 1614 desiderabatur,
901 1543 950 1599 sed
964 1551 1069 1617 septem
1085 1540 1171 1595 testium

224 1629 302 1702 signa
316 1625 501 1697 sufficiebant,
523 1645 584 1684 cum
605 1629 664 1684 iure
679 1627 750 1683 civili
764 1629 843 1702 signa
857 1629 970 1683 testium
985 1645 1042 1684 non
1057 1633 1126 1681 eraut
1138 1639 1171 1677 ne-

190 1711 348 1768 3cessaria.
385 1710 439 1766 Sed
459 1727 520 1767 cum
540 1711 670 1785 paulatim
695 1719 750 1766 tam
775 1728 808 1767 eu
828 1727 881 1767 usu
900 1713 1041 1769 bominum
1064 1724 1133 1784 quam
1149 1721 1172 1760 u

224 1796 451 1850 constitutionum
471 1794 704 1852 emendationibus
725 1797 815 1870 coepit
840 1797 869 1852 in
889 1813 969 1852 unam
984 1787 1171 1853 *consonantiam

222 1881 265 1934 ius
281 1879 358 1936 civile
373 1887 400 1936 et
415 1883 581 1953 praetorium
595 1881 689 1953 iungi,
704 1881 884 1936 constitutum
899 1889 956 1952 est,
974 1889 1003 1937 ut
1020 1896 1074 1936 uno
1085 1875 1172 1933 eodem·

224 1980 277 2036 que
297 1971 437 2038 tempore,
459 1964 532 2037 quod
552 1965 594 2020 ius
610 1964 687 2020 civile
706 1963 907 2038 quodammodo
929 1965 1068 2040 exigebat,
1088 1965 1171 2033 septem

222 2047 338 2104 testibus
354 2048 480 2104 adhibitis
501 2056 529 2104 et
549 2047 749 2122 subscriptione
769 2051 896 2120 testium,
918 2050 992 2124 quod
1014 2067 1047 2106 er
1061 2045 1171 2104 constitu-

222 2133 343 2190 tionibus
362 2134 504 2190 inveutum
519 2141 576 2205 est,
598 2140 625 2188 et
646 2149 679 2189 es
693 2133 783 2190 edicto
803 2136 936 2208 praetoris
952 2133 1090 2208 signacula
1109 2133 1171 2183 testa·

222 2220 320 2274 mentis
336 2219 556 2291 imponerentur:
579 2226 609 2273 ut
624 2219 733 2274 hocius
748 2219 916 2292 tripertitum
931 2215 1171 2280 essentessent

222 2310 307 2358 testes
335 2301 442 2374 quidem
463 2309 490 2357 et
512 2319 607 2358 eorum
634 2305 786 2374 praesentia
810 2319 865 2359 uno
886 2311 1017 2360 contextu
1040 2292 1171 2358 testamenti

222 2384 376 2440 celebrandi
391 2387 477 2459 gratia
492 2402 506 2440 a
521 2387 580 2440 iure
592 2385 664 2440 civili
679 2385 858 2458 descendant,
873 2386 1086 2461 subscriptiones
1100 2386 1171 2436 autent

220 2470 361 2524 testatoris
383 2476 410 2524 et
431 2470 542 2523 testium
564 2485 596 2524 ex
610 2485 746 2526 sacrarum
761 2473 986 2528 constitutionum
1007 2465 1172 2528 observatione

222 2551 413 2622 adhibeantur,
439 2552 579 2626 signacula
598 2560 688 2610 autem
708 2563 736 2612 et
757 2573 886 2612 numerus
911 2558 1024 2612 testium
1045 2571 1076 2611 ex
1100 2548 1171 2605 edicto

187 2648 205 2696 4
221 2639 365 2712 praetoris.
403 2637 456 2693 Sed
476 2637 519 2692 his
535 2637 659 2694 omnibus
676 2655 709 2695 ex
729 2648 824 2696 nostra
844 2633 1057 2697 constitutione¹
1077 2637 1171 2711 propter

221 2729 447 2779 testamentorum
468 2723 665 2795 sinceritatem,
693 2732 723 2779 ut
744 2724 818 2780 nulla
839 2724 913 2781 fraus
940 2725 1108 2789 adhibeatur,
1131 2717 1171 2770 11⁰⁰

222 2807 342 2863 additum
358 2814 415 2877 est,
430 2813 461 2861 ut
476 2823 526 2881 per
541 2824 649 2864 manum
662 2810 800 2864 testatoris
815 2810 858 2865 vel
874 2811 983 2866 testium
998 2823 1094 2865 nomen
1108 2803 1170 2858 herc·

221 2891 265 2946 dis
281 2894 446 2965 exprimatur
455 2898 483 2946 et
498 2893 587 2948 omnia
601 2892 750 2950 secundum
764 2893 837 2950 illius
849 2895 1052 2950 constitutionis
1067 2894 1170 2946 tenorem

220 2976 377 3049 procedant.

186 3067 203 3116 t
277 3059 403 3115 ,Possunt
422 3067 512 3116 autem
533 3069 617 3117 testes
639 3077 732 3117 omnes
754 3069 782 3118 et
802 3079 858 3118 uno
880 3062 961 3118 anulo
981 3065 1086 3138 signare
1104 3057 1171 3108 testa·

220 3151 342 3200 mentum
362 3143 438 3218 (quid
459 3147 546 3216 enim,
567 3147 591 3201 si
612 3153 717 3220 septem
738 3145 811 3203 anuli
831 3164 885 3204 una
899 3147 1039 3222 sculptura
1057 3127 1169 3200 iucriut‘d

219 3227 369 3284 secundum
391 3229 465 3302 quod
483 3228 634 3304 Pomponio
656 3232 742 3286 visum
764 3240 815 3287 est.
855 3232 904 3288 sed
925 3238 953 3288 et
973 3231 1059 3288 alieno
1078 3228 1169 3300 quoque

186 3313 301 3378 carulo
323 3313 387 3370 iicet
408 3315 527 3388 signare.
564 3313 659 3371 'l'estes
680 3323 770 3371 autem
791 3315 911 3372 adhiberi
932 3323 1048 3390 possunt
1066 3314 1097 3381 ii,
1120 3313 1168 3360 ⁰1¹¹ss

289 3491 309 3557 ¹)
327 3497 360 3545 L.
380 3497 423 3546 29.
444 3495 472 3548 C.
492 3497 524 3544 de
543 3502 640 3546 testam.
662 3493 696 3562 (6,
715 3495 768 3558 23).
