2464 3916
216 241 276 306 146
506 257 541 291 nn
560 256 692 292 nanneno
712 241 762 308 111,
784 243 816 292 26
835 237 899 307 (ii).

214 409 294 472 atque
310 398 500 473 neglegentiae
517 399 641 466 nomine,
665 399 818 472 quaesitum
834 403 892 453 cst:
915 397 1064 470 praevaluit
1084 405 1174 468 tamen,

214 485 294 539 etiam
308 483 403 556 culpae
419 483 528 538 nomine
544 483 630 538 teneri
641 498 711 537 eum.
746 476 842 555 ¹culpa
857 489 947 537 autem
958 499 1013 537 non
1024 481 1058 536 ad
1073 485 1175 538 exactis·

213 569 306 624 simam
327 567 494 640 diligentiam
514 565 655 639 dirigenda
676 574 731 622 est:
754 565 856 622 suificit
876 568 947 622 enim
968 566 1050 621 talem
1070 565 1174 641 diligen-

214 654 276 707 tiam
292 653 319 706 in
335 650 521 707 communibus
537 649 617 706 rebus
633 649 759 706 adhibere
774 651 894 722 socium,
911 650 1017 724 qualem
1033 652 1090 706 suis
1105 651 1175 706 rebus

214 735 340 792 adhibere
361 735 442 792 solet.
488 751 549 790 nam
574 736 620 808 qui
644 735 739 808 parum
759 735 917 808 diligentem
939 736 1043 790 socium
1065 734 1115 790 sibi
1138 735 1177 790 ad·

213 813 329 892 sumit‚²
353 820 436 877 dese
459 821 550 892 queri,
572 821 624 875 hoo
644 828 686 875 est
707 836 772 876 suae
792 819 820 874 id
841 819 1039 893 imprudentiae
1054 821 1176 893 imputare

213 899 323 962 deltet.³

557 1099 614 1140 mr.
626 1099 705 1140 xxv1
726 1101 841 1148 (xxvn).

569 1203 619 1253 Du
637 1203 825 1254 MANDATO.

162 1339 197 1378 rr.
280 1319 451 1383 ⁴¹llandatum
472 1328 641 1383 contrahitur
666 1325 908 1401 quinquennum,
935 1327 992 1381 sive
1011 1343 1062 1381 sua
1084 1333 1177 1382 tantum

214 1413 300 1487 gratia
315 1411 411 1485 aliquis
427 1411 475 1467 tibi
491 1411 615 1483 mandet,
637 1413 692 1468 sive
707 1428 756 1466 sua
771 1418 798 1465 et
813 1418 874 1481 tua,
896 1411 952 1465 sive
968 1409 1053 1466 aliena
1071 1417 1176 1466 tautum.

177 1521 180 1528 ·
214 1498 270 1552 sive
285 1513 333 1552 sua
349 1497 492 1566 maliem,
514 1499 570 1553 sive
586 1504 632 1552 tun
647 1504 675 1551 ct
690 1495 783 1551 aliena.
820 1503 847 1550 at
867 1495 890 1550 si
911 1502 957 1549 tua
972 1501 1080 1550 tantum
1102 1497 1177 1569 gratia

214 1579 262 1636 tibi
284 1581 438 1637 mandatum
457 1583 508 1652 sit,
531 1597 726 1654 supervacuum
745 1586 788 1635 est
808 1578 960 1634 mandatum
977 1586 1004 1647 et
1020 1578 1055 1634 ob
1071 1579 1100 1634 id
1115 1579 1177 1634 nulla

182 1675 193 1720 1
214 1682 247 1720 er
263 1681 295 1721 eo
312 1665 440 1739 obligatio
456 1682 506 1722 nec
521 1665 638 1720 mandati
657 1666 791 1720 intervos
807 1665 877 1720 actio
895 1665 1024 1720 nascitur.
1061 1663 1176 1720 Mandan·
1215 1711 1216 1736 .

214 1749 248 1803 tis
264 1755 368 1803 tantum
385 1751 470 1822 gratia
485 1749 629 1804 intervenit
644 1749 813 1819 mandatum,
834 1746 918 1803 voluti
932 1748 956 1802 si
971 1749 1032 1822 quis
1048 1748 1099 1803 tihi
1114 1764 1176 1802 man·
1215 1739 1216 1746 '

214 1831 275 1903 det,
297 1841 328 1886 ut
348 1833 458 1905 negotia
479 1834 536 1888 cius
557 1849 683 1906 gereres,
707 1832 750 1888 vel
770 1840 801 1888 ut
821 1831 935 1888 inmlnm
955 1833 979 1886 ei
1000 1849 1122 1902 emeres,
1142 1832 1175 1886 tel

180 1928 195 1976 2
216 1922 244 1971 ut
259 1933 310 1990 pro
326 1931 358 1971 eo
374 1915 533 1990 sponderes.
570 1916 626 1971 Tua
642 1925 669 1973 et
684 1917 851 1988 mandantis,
868 1917 951 1972 veluti
965 1917 988 1971 si
1004 1917 1111 1972 mandet
1125 1915 1175 1983 tihi,

214 2007 244 2056 ut
259 2001 400 2074 pecuniam
415 2000 465 2056 sub
480 2002 570 2057 usuris
586 2000 710 2057 crederes
727 2003 766 2072 ei,
791 2003 836 2074 qui
857 2002 885 2056 in
906 2017 964 2056 rem
978 2001 1064 2074 ipsius
1079 2008 1176 2056 mutua·
1214 2033 1215 2036 =

214 2091 306 2158 retur,
328 2093 373 2142 aut
395 2087 433 2158 si,
454 2086 562 2142 volente
583 2093 610 2141 te
632 2101 712 2160 agere
727 2103 788 2140 cum
804 2101 836 2140 eo
852 2101 885 2140 ex
905 2083 1075 2140 fideiussorin
1093 2101 1174 2152 causa,

214 2170 322 2226 mandet
337 2169 401 2241 tibi,
418 2181 448 2226 ut
463 2187 524 2226 cum
539 2187 587 2227 reo
604 2187 666 2244 agas
681 2169 802 2244 periculo
818 2169 979 2240 mandantis,
997 2169 1039 2225 vel
1054 2175 1085 2224 ut
1098 2170 1176 2243 ipsius

214 2255 335 2329 periculo
351 2256 489 2329 stipulcris
506 2255 538 2311 ab
559 2272 607 2326 eo,
628 2271 709 2329 quem
732 2254 780 2310 tibi
801 2253 910 2328 deleget
930 2255 958 2309 in
979 2253 1022 2323 id,
1042 2253 1115 2328 quod
1138 2252 1176 2308 tibi
1213 2311 1214 2330 .

181 2344 197 2391 3
216 2339 354 2395 debuerat.
391 2341 484 2396 Aliena
506 2334 630 2396 tautum⁵
651 2355 729 2395 cansa
748 2339 893 2394 intervenit
910 2339 1080 2410 mandatum,
1101 2337 1176 2392 veluti
1213 2331 1214 2384 l

216 2425 239 2478 si
260 2423 308 2478 tibi
328 2424 450 2494 mandet,
473 2431 502 2479 ut
515 2415 705 2498 ,Titii'negotia
721 2439 847 2498 gereres,
868 2423 911 2479 vel
932 2429 961 2478 ut
978 2423 1049 2478 Titio
1071 2421 1176 2477 landum

181 2511 198 2558 4
217 2523 336 2578 emeres,
357 2507 400 2562 vel
422 2515 451 2562 ut
471 2523 521 2580 pro
537 2507 607 2562 'litio
630 2508 788 2581 spondercs.
834 2507 887 2564 Sua
903 2507 1046 2578 mellona,
1065 2506 1144 2562 veluti
1158 2506 1176 2558 si

285 2719 304 2786 ¹)
322 2723 380 2786 scre
392 2743 426 2764 =
439 2724 471 2772 L.
491 2724 531 2772 li.
550 2723 583 2774 J).
601 2739 651 2787 pro
669 2739 722 2774 coc.
741 2724 791 2788 (ll,
805 2722 832 2785 2)
850 2739 885 2774 ex
905 2721 969 2773 Goiz'
980 2725 995 2772 1.
1015 2725 1031 2772 2
1049 2738 1101 2772 rer.
1114 2728 1174 2787 quot.

214 2787 234 2852 Ω)
255 2787 320 2839 uir
335 2798 359 2840 et
375 2793 492 2855 plerique
519 2792 595 2840 codd.
623 2791 699 2853 inser.
727 2795 785 2841 item
807 2791 917 2856 Tdeoplt.
947 2789 1067 2840 adscivit
1083 2789 1118 2838 Ba
1136 2788 1176 2837 ad-

216 2859 300 2922 quirit
316 2859 375 2923 Dig
397 2857 550 2922 adsumpsit
568 2860 608 2908 ed.
622 2857 696 2908 Scir.
784 2856 804 2921 ³)
823 2859 857 2908 de
876 2873 905 2910 se
925 2859 1004 2922 queri
1023 2855 1174 2918 debetDt'g.

215 2927 274 2975 edd.
293 2925 368 2977 Scdr.
386 2933 413 2976 ct
432 2925 479 2974 Kr.
498 2927 546 2975 aed
562 2925 646 2976 debet
663 2942 709 2979 om.
727 2927 797 2976 motti
814 2928 889 2976 codd.
908 2927 977 2991 quod
993 2927 1092 2976 addunt
1108 2925 1174 2972 codd.

214 3007 300 3042 omnes
325 2992 376 3042 hoc
399 2997 442 3043 ost
464 2993 518 3043 sibi
529 2995 673 3073 imputare
700 2993 784 3044 debet
809 2995 854 3043 oia:
871 3009 928 3073 pro
946 3008 1016 3043 »nero
1032 2995 1175 3074 glossemate

214 3060 354 3109 habendum
371 3068 423 3117 cat,·
449 3077 506 3110 nom
524 3051 628 3112 ἑαυτὸν
641 3052 785 3112 αἰτιάσθω
797 3059 848 3124 τῆς
860 3050 1059 3127 cidonitae,
1039 3077 1076 3118 ως
1090 3051 1173 3123 denogo

214 3127 265 3192 τῆς
278 3126 379 3192 ζημίας
391 3125 545 3193 γενόμενος
562 3127 654 3188 αἴτιος
674 3128 786 3193 Tdeopk
803 3131 935 3194 genuinum
947 3129 1027 3192 igitur
1044 3127 1112 3193 quod
1121 3107 1175 3174 dedi

210 3196 301 3258 suerit.
320 3197 354 3258 cf.
377 3196 401 3256 5.
421 3199 445 3249 3.
465 3197 489 3249 I
514 3196 583 3262 quib.
606 3198 671 3246 mod
690 3211 719 3246 re
743 3194 839 3259 (314)
862 3196 945 3261 ibique
967 3195 1078 3260 Theoplt.
1096 3209 1175 3244 corrn·
1210 3209 1211 3214 ¹

216 3266 301 3326 ptelae
319 3279 397 3313 cauea
413 3265 514 3314 incolite
531 3265 684 3326 interposita
701 3281 724 3316 o.
742 3263 772 3312 id
794 3271 819 3312 ct
835 3265 970 3314 similitudo
987 3280 1009 3316 o.
1030 3260 1174 3326 impruden-

217 3330 275 3378 tiae
293 3337 320 3379 et
335 3330 480 3395 imputare.
566 3326 639 3396 ⁴)pr
640 3331 710 3392 .55.
687 3331 770 3390 5..1
779 3331 934 3393 dfere-
900 3361 934 3372 -
900 3331 983 3379 —.t.
1003 3333 1028 3384 2.
1047 3332 1079 3378 Ι).
1097 3327 1172 3378 marad

217 3392 268 3456 (17,
289 3394 315 3461 1)
342 3414 377 3447 cao
405 3399 464 3448 dati
488 3399 505 3450 l.
524 3399 611 3448 2νεν.
635 3404 703 3462 quot.
790 3396 811 3460 ⁶)
838 3401 980 3462 complures
1006 3399 1080 3449 codd.
1104 3396 1172 3457 inser

215 3461 333 3580 gdffdt
349 3466 409 3583 fila.
428 3466 461 3527 cf.
477 3481 520 3530 pr.
540 3467 578 3515 tit.
599 3469 690 3514 autem
711 3481 761 3529 pro
784 3469 890 3515 tantum
907 3481 942 3516 ex
960 3467 1036 3519 codd.
1056 3471 1101 3517 net.
1120 3462 1172 3512 edd

236 3542 249 3575 c
307 3543 321 3578 e
378 3548 393 3580 r
