2486 3916
177 217 220 282 50
254 233 290 270 nr
303 231 504 269 usucsrrosrs.
522 231 659 269 eruerer
678 231 818 270 rrnrosrs
836 231 1045 272 rosssssrosra.
1063 219 1100 278 11,
1120 219 1146 274 6.

178 377 273 432 emerit
298 373 341 430 vel
357 391 389 430 er
404 373 550 431 donatione
571 375 655 431 aliave
678 391 732 449 qna
756 375 827 431 iusta
852 389 931 431 censa
946 376 1094 448 acceperit,
1122 377 1145 430 is

178 467 232 516 tem
247 476 320 532 ram,
336 461 359 515 si
375 457 482 516 mobilis
501 467 574 531 erat,
590 475 661 516 anno
677 459 795 534 ubique,
816 461 840 516 si
853 456 1014 530 immobilis,
1035 457 1145 515 biennio

177 544 289 600 dantum
303 545 331 599 in
344 542 439 600 italico
454 543 515 600 selo
531 545 685 618 usucapiet,
705 561 741 600 ne
761 559 852 600 rerum
866 543 983 600 dominia
997 545 1026 600 ia
1041 545 1146 600 incerto

178 636 280 684 essent.
317 637 345 684 et
370 645 431 684 cum
452 629 506 684 hoc
520 629 647 702 placitum
663 637 736 700 erat,
762 628 920 703 putantibus
936 627 1144 702 antiquioribus,
1227 663 1228 670 κ

177 714 291 769 seminis
315 711 442 770 sulficere
467 712 500 768 ad
525 713 700 787 inquirendas
727 729 771 769 res
792 729 854 768 sues
875 713 995 788 praelata
1010 721 1144 786 tempora,

177 796 255 854 nobis
270 797 367 854 melior
382 799 517 854 sententia
532 797 647 869 revedit,
674 813 709 854 ne
729 797 830 853 domini
846 799 977 854 maturius
993 799 1050 853 suis
1062 797 1145 853 rebus

177 881 372 938 defraudentur
386 895 475 956 neque
490 890 566 938 certo
582 882 643 939 lece
659 880 819 938 beneficium
833 881 886 938 bec
900 881 1087 939 concludatur.
1118 889 1146 938 et

176 965 238 1023 ideo
253 961 497 1024 constitutionem¹
518 983 602 1041 snper
622 968 675 1024 boc
695 966 940 1042 promulgavimus,
963 981 1016 1040 qna
1035 973 1145 1024 cautum

178 1059 236 1120 est,
259 1058 289 1106 ut
307 1067 352 1106 res
374 1050 482 1126 quidem
498 1049 610 1108 mobiles
626 1068 676 1126 per
696 1052 843 1107 triennium
865 1052 1073 1126 usucapientur,
1095 1052 1145 1106 im·

177 1134 292 1189 mobiles
317 1151 384 1192 vero
404 1133 551 1211 perlongi
575 1137 704 1210 temperis
730 1137 950 1210 possessiouem,
972 1135 1000 1191 id
1015 1143 1058 1191 est
1071 1137 1145 1192 inter

172 1226 335 1292 ,praesentes
350 1219 499 1292 decennio,
519 1220 732 1278 interabsentes
748 1221 844 1294 viginti
859 1222 935 1276 annis
951 1221 1146 1294 usucapiantur
1228 1221 1229 1226 ’

177 1310 205 1358 et
220 1304 261 1358 bis
277 1303 364 1360 modis
388 1321 446 1360 unu
465 1305 555 1362 solum
575 1305 709 1376 initalia,
736 1304 784 1360 sed
809 1306 839 1360 in
865 1305 936 1360 omrri
961 1312 1049 1376 terra,
1075 1319 1146 1378 quse

176 1396 273 1444 nostro
288 1388 402 1463 imperio
424 1388 606 1464 gubernetur,
627 1389 775 1446 dominium
795 1403 886 1446 rerum
901 1391 972 1446 iuste
987 1405 1066 1445 censa
1080 1405 1146 1464 pes-

177 1474 308 1530 sessionis
322 1473 502 1548 praecedcnte
517 1474 684 1548 adquiratur.

144 1564 158 1611 1
241 1558 294 1614 Sed
317 1559 461 1632 aliquando
483 1561 586 1616 etiami
602 1559 714 1615 maxime
735 1559 795 1633 quis
816 1557 887 1614 boun
902 1556 956 1614 lide
970 1573 1027 1614 rem
1049 1574 1146 1632 posse-

177 1642 264 1712 derit,
284 1651 445 1699 nontamen
466 1643 505 1699 ilii
526 1644 656 1716 ¹usumin
673 1643 731 1699 ullo
751 1651 875 1718 tempore
895 1642 1039 1718 procedit,
1059 1643 1145 1699 veluti

178 1728 201 1782 si
224 1728 285 1800 quis
307 1726 421 1782 liberum
443 1727 580 1782 bominem
601 1727 644 1782 vel
668 1743 726 1783 rem
747 1741 849 1784 sueram
874 1728 918 1784 vel
931 1725 1087 1802 religiosam
1102 1728 1148 1784 vel
1229 1761 1230 1784 i

143 1815 159 1864 2
178 1826 285 1865 servum
301 1809 446 1884 fugitivum
461 1811 609 1884 possideat.
647 1810 773 1868 Furtivae
793 1827 904 1886 quoque
925 1827 969 1868 res
991 1820 1018 1868 et
1034 1827 1104 1886 quae
1118 1814 1145 1868 vi

176 1909 320 1968 possesne
339 1903 419 1967 sunt,
447 1911 497 1952 uec
516 1897 539 1952 si
559 1895 697 1971 praedicto
726 1896 811 1972 longo
841 1905 964 1971 tempore
992 1896 1062 1953 boue
1093 1895 1148 1952 tide

177 1994 320 2053 possessae
348 1979 465 2052 inerint,
496 1983 606 2056 usucapi
635 1989 765 2056 possunt:
794 1997 856 2038 nam
880 1981 1039 2037 furtivarum
1054 1995 1149 2038 rernm

176 2064 221 2120 lea
236 2064 378 2122 dromon
393 2064 544 2124 tabularum
559 2073 587 2124 et
600 2067 644 2122 ier
660 2059 770 2123 Atinia²
783 2065 888 2123 inhibet
900 2068 1104 2141 usucapionem,
1120 2067 1149 2122 vi

143 2155 365 2224 3possessarum
390 2151 434 2208 lea
453 2151 519 2209 iulia
543 2160 571 2208 et
590 2151 703 2208 Plautia.
743 2145 840 2220 ³Qued
865 2159 955 2208 antem
980 2151 1082 2207 dictam
1104 2160 1151 2207 est

176 2235 337 2292 furtivarum
358 2243 386 2292 et
405 2238 431 2292 vi
450 2251 640 2311 possessarum
659 2251 751 2292 rernm
771 2237 965 2310 usucapionem
985 2251 1036 2310 per
1055 2236 1151 2310 legem
1230 2223 1231 2250 ¹

176 2319 339 2392 prohibitam
365 2337 441 2392 esse,
469 2337 525 2378 non
551 2337 584 2377 ec
607 2323 743 2394 pertinet,
769 2328 801 2376 ut
821 2337 856 2376 ue
869 2322 928 2395 ipse
944 2320 990 2376 iirr
1004 2322 1083 2394 quive
1098 2337 1152 2395 per

177 2403 230 2458 vim
244 2402 383 2477 possidet,
400 2419 549 2479 usucapere
563 2406 665 2478 pessit:
690 2421 752 2464 narn
773 2405 815 2461 his
830 2406 1000 2462 alteratione
1016 2407 1150 2479 usucapio

176 2502 233 2544 nen
254 2489 401 2562 competit,
423 2489 486 2563 quia
500 2489 604 2546 scilicet
620 2489 689 2546 mala
704 2488 758 2547 lide
771 2490 929 2565 possident:
959 2489 1007 2547 sed
1022 2505 1057 2547 ne
1071 2489 1151 2546 ullus

177 2573 261 2646 alius,
278 2574 398 2648 quamvis
414 2573 446 2630 ab
461 2575 500 2631 eis
515 2573 654 2631 bonafide
669 2576 766 2632 emerit
786 2575 829 2630 vel
843 2591 877 2631 er
896 2575 948 2631 alie
969 2591 1050 2632 causa
1070 2589 1154 2631 acee-

176 2661 263 2734 perit,
285 2659 458 2734 usucapiendi
479 2661 522 2715 ius
543 2658 648 2716 hebeat.
679 2659 752 2716 uude
773 2661 800 2716 in
820 2659 901 2716 rebus
923 2655 1069 2716 mobilibus
1090 2675 1154 2716 non

177 2743 255 2800 facile
280 2744 419 2818 procedit,
445 2751 477 2799 ut
496 2743 584 2800 bonae
604 2743 666 2801 fidei
686 2745 839 2819 possessori
855 2745 983 2818 usucapio
1000 2752 1154 2818 competat.

177 2845 238 2884 nem
254 2829 301 2902 qui
315 2829 427 2884 alienam
449 2846 505 2885 rem
525 2828 647 2885 vendidit
661 2829 704 2885 vel
719 2845 751 2884 cr
767 2829 818 2884 alia
838 2845 918 2886 causa
938 2828 1065 2900 tradidit,
1091 2829 1153 2885 iur-

144 2913 236 2968 itum
252 2913 310 2968 eius
325 2914 479 2970 committit.
517 2913 570 2971 Sed
586 2921 675 2970 tamen
694 2913 722 2969 id
737 2913 879 2987 aliquando
903 2913 981 2970 aliter
1002 2929 1033 2970 se
1054 2913 1151 2970 hebet.

177 3013 238 3053 nam
253 2997 277 3052 si
292 2997 386 3070 heres,
401 3015 458 3054 rem
474 2997 602 3055 defuncto
616 2997 810 3054 commodatam
826 3007 872 3054 ent
886 2998 1002 3055 locatam
1017 2999 1061 3054 vel
1076 2997 1153 3072 apud

177 3097 239 3138 enm
255 3081 404 3156 depositam
425 3085 580 3140 existimaus
596 3081 784 3139 hereditariam
805 3099 881 3155 esse,
907 3081 978 3140 bona
1004 3080 1058 3139 fide
1079 3084 1153 3139 acci-

177 3168 262 3242 pienti
278 3167 427 3224 vendiderit
442 3177 488 3225 aut
503 3169 643 3225 donaverit
657 3176 704 3224 aut
718 3167 791 3224 dotis
811 3170 921 3224 nornine
934 3167 1058 3240 dederit,
1082 3168 1153 3242 quin

248 3448 269 3516 ¹)
286 3451 321 3504 L.
338 3469 381 3502 un.
401 3451 430 3502 O.
448 3454 480 3502 de
498 3466 566 3502 neno.
585 3453 678 3515 transf.
699 3447 733 3517 (l,
753 3449 806 3514 ei).
888 3449 908 3513 ²)
926 3441 1040 3510 Ἀτίλιος
1058 3441 1151 3515 νόμος

182 3515 294 3582 Tbeoplt.
364 3519 384 3584 9)
402 3522 426 3583 5.
445 3523 461 3572 3
479 3527 505 3570 st
522 3521 539 3569 4
555 3521 650 3584 partim
666 3537 700 3561 ιτ
720 3517 776 3570 Gai.
795 3521 820 3582 2,
838 3521 880 3570 to.
899 3521 940 3570 io.
