2464 3916
269 254 306 288 nu
327 253 467 289 annotans
487 253 676 290 coenarmrns
696 241 746 298 ΙΙΙ,
765 243 789 290 6.
960 241 1020 305 113

62 395 88 450 ad
102 403 203 451 sentum
219 394 333 468 gradum
348 396 518 468 cognationis
534 402 616 467 sunt,
639 403 666 452 et
688 412 720 452 en
741 398 855 470 septimo
878 414 893 453 a
908 396 1019 454 sobrino

61 479 211 554 sobrinaque
227 487 290 536 nato
306 487 426 535 nataeve.

477 676 532 717 um.
547 677 586 716 vc

269 780 319 830 DE
339 778 523 832 GRADIBUS
543 779 799 832 COGNATIONIS.

114 901 170 959 Hoc
186 902 247 958 loco
264 903 443 958 necessarium
457 909 498 958 est
511 917 663 975 exponere,
680 902 905 976 quemadmodum
918 904 1017 977 gradus
1035 919 1072 960 er.

59 988 220 1061 cognationis
236 994 420 1042 numerentur.
446 987 538 1060 quain
554 1003 584 1042 re
598 988 721 1061 inprimis
737 985 899 1044 admonendi
914 1005 1019 1060 sumus,

59 1073 238 1145 cognationem
256 1071 332 1126 aliam
348 1087 429 1146 snpra
444 1073 590 1142 numerari,
606 1071 683 1127 aliam
699 1071 778 1144 inira,
794 1073 870 1128 aliam
884 1089 915 1129 en
935 1081 1020 1130 trans·

59 1173 142 1228 verso,
170 1173 239 1230 quae
255 1157 334 1211 etiam
351 1149 402 1211 er¹
429 1156 514 1211 latere
538 1155 645 1213 dicitnr.
682 1158 808 1230 superior
829 1163 956 1232 cognatio
978 1168 1020 1216 est

58 1242 212 1313 parentium,
227 1239 340 1296 interior
350 1239 508 1312 liberorum,
524 1257 556 1296 en
572 1248 727 1296 transverso
739 1241 1020 1299 fratrumsorornmve

60 1342 213 1400 eorumque,
242 1327 287 1398 epti
303 1341 335 1380 ex
351 1326 391 1380 his
412 1333 643 1399 progenerantur,
665 1333 693 1381 et
713 1328 906 1382 convenienter
920 1329 1019 1402 patrui,

60 1411 160 1481 amitae,
183 1409 323 1481 avunculi,
345 1417 514 1465 materterae.
553 1417 580 1465 et
595 1411 720 1484 superior
740 1410 849 1484 quidem
865 1419 892 1465 et
907 1411 1021 1467 interior

59 1497 206 1567 cognatioa
233 1496 320 1567 primo
348 1493 433 1568 gradu
458 1494 565 1567 incipit:
595 1501 620 1548 at
638 1511 683 1566 ea,
711 1511 779 1568 quae
806 1511 837 1550 ex
865 1502 1018 1551 transverso

58 1587 222 1652 numeratur,
237 1595 250 1633 a
266 1578 396 1634 secundo.
436 1569 544 1633 ²Primo
561 1577 647 1651 gradu
663 1587 704 1634 est
716 1595 797 1652 supra
812 1587 906 1652 pater,
924 1587 1018 1653 mater,
1039 1592 1052 1640 1

58 1661 216 1742 mirabilius,
233 1661 294 1718 fitia.
319 1662 444 1718 Secundo
460 1679 540 1736 supra
556 1679 631 1734 avus,
647 1664 713 1734 avia,
729 1662 798 1718 inira
809 1680 906 1738 nepos,
918 1667 1018 1740 neptis,
1038 1671 1053 1720 2

59 1764 86 1801 er
101 1757 251 1804 transverso
265 1749 357 1820 irater,
368 1763 456 1803 soror.
474 1747 566 1802 Tertio
582 1763 663 1820 snpra
678 1764 806 1822 proavus,
818 1751 936 1822 proavia.
948 1750 1017 1807 inira
1037 1759 1052 1808 3
1128 1767 1131 1773 ·

58 1849 197 1907 pronepos,
210 1835 363 1907 proneptis,
376 1849 408 1886 ex
421 1825 576 1887 ¹transverso
589 1831 678 1888 fratris
697 1835 856 1908 sororisque
871 1833 953 1906 filius,
967 1834 1019 1890 fitia

59 1925 81 1972 et
95 1919 284 1973 convenienter
299 1925 428 1990 patruus,
445 1917 534 1987 amita,
550 1916 713 1989 avunculus,
730 1925 882 1975 matertera.
907 1926 1019 1992 patruus

59 2010 94 2056 est
113 2004 194 2076 patris
217 2001 315 2073 irater,
343 2002 389 2074 qui
404 2000 504 2056 Graece
524 1995 642 2076 πάτρως
657 2010 784 2058 vocatur:
815 2003 962 2058 avunculus
978 2011 1020 2058 est

59 2089 142 2142 matris
158 2086 256 2158 irater,
274 2087 319 2160 qni
335 2085 404 2160 apud
422 2085 537 2140 Graecos
552 2087 663 2158 proprie
678 2081 796 2161 μήτρως
810 2085 976 2158 appellatur:
992 2095 1020 2142 et

57 2173 202 2242 promiscue
218 2171 301 2238 θεῖος
317 2170 424 2226 dicitur.
447 2170 527 2224 amita
542 2178 583 2224 est
595 2171 678 2242 patris
690 2186 780 2240 soror,
796 2177 940 2224 matertera
954 2187 1019 2225 vero

59 2257 142 2310 matris
153 2271 247 2312 soror:
263 2263 377 2328 utraque
392 2249 517 2309 beteret
530 2253 600 2327 apud
614 2253 743 2327 quosdam
757 2247 844 2326 τηθὶς
858 2253 1018 2326 appellatur.

60 2337 152 2404 Quarto
168 2339 254 2414 gradu
275 2356 357 2413 supra
378 2337 492 2411 abavus,
515 2337 620 2410 abavia,
640 2337 709 2394 inira
730 2336 864 2412 abnepos,
886 2337 1019 2412 abneptis,
1037 2347 1054 2396 4

59 2439 87 2480 en
103 2433 252 2482 transverso
268 2424 358 2480 fratris
373 2425 531 2496 sororisque
552 2439 654 2496 nepos,
675 2424 765 2496 neptis
786 2430 813 2478 ct
828 2425 1022 2480 convenienter

59 2515 161 2579 patruus
177 2524 309 2584 magnus,
326 2510 405 2564 amita
421 2524 515 2582 magna
531 2506 569 2580 (td
585 2515 627 2563 est
642 2509 682 2562 avi
698 2506 782 2563 irater
797 2515 824 2562 et
839 2506 940 2581 soror),
956 2510 1020 2564 item

59 2594 197 2650 avunculus
218 2609 348 2668 magnus,
374 2589 516 2648 matertera
543 2607 641 2666 magna
668 2590 705 2665 (id
727 2598 768 2647 est
790 2592 861 2648 auiae
888 2591 973 2648 irater
993 2601 1020 2648 et

59 2676 158 2750 soror),
174 2677 369 2750 consobrinus,
386 2677 548 2733 consobrina
557 2675 597 2749 ¹(id
613 2685 655 2732 est
671 2679 717 2751 qui
730 2692 831 2750 quaeve
844 2693 876 2732 en
890 2675 1019 2732 iratribus

58 2769 101 2816 aut
114 2761 251 2819 sororibus
272 2760 509 2837 progenerantur).
547 2761 596 2818 sed
617 2762 725 2834 quidam
745 2769 820 2816 recte
840 2760 1019 2817 consobrinos

59 2861 102 2900 cos
116 2849 223 2922 proprie
238 2854 335 2922 putant
351 2847 418 2917 dici,
438 2847 484 2920 qui
504 2862 536 2901 ex
557 2845 660 2902 duabus
681 2844 821 2902 sororibus
837 2861 1020 2920 progeneran-

60 2937 113 3002 tur,
139 2933 211 3006 qnasi
227 2933 436 3005 consororinos:
463 2947 510 2986 eos
535 2943 616 3003 vero,
643 2931 690 3004 qui
715 2947 747 2986 ex
769 2929 875 2986 duobus
893 2929 1020 2986 iratribus

57 3011 282 3090 progenerantur,
304 3018 414 3092 proprie
435 3015 532 3072 iratres
552 3015 691 3088 patrueles
713 3017 807 3071 vocari·
823 3014 857 3088 (si
877 3023 966 3072 autem
988 3032 1020 3070 ex

59 3096 156 3172 duobus
172 3099 299 3158 iratribus
321 3100 391 3158 filiae
411 3108 572 3171 nascantur,
593 3117 703 3156 sorores
725 3100 862 3174 patrueles
884 3099 1019 3174 appellan-

59 3181 122 3255 tnrJ:
150 3195 176 3243 at
190 3203 254 3258 eos,
280 3188 327 3260 qui
348 3203 380 3243 ox
401 3185 483 3242 fratre
510 3193 537 3241 et
557 3201 653 3242 sorore
667 3192 868 3260 propagantur,
895 3186 1021 3240 amitinos

60 3313 254 3330 Ἣ

119 3401 139 3468 ¹)
159 3405 222 3454 AT*
244 3403 356 3468 Theopb.
376 3419 393 3452 a
410 3402 471 3451 BT*
489 3402 549 3452 edd.
564 3401 644 3451 θοὴν,
663 3408 688 3451 ct
706 3401 757 3450 Kr.
843 3398 864 3462 ²)
883 3399 922 3460 ἐξ.
942 3401 1020 3448 1...t

58 3471 181 3598 {ppo}
197 3472 347 3594 ἱξωδψῖ
367 3473 397 3521 Ι).
417 3473 449 3520 de
467 3471 542 3535 prad.
561 3485 633 3533 copo.
653 3468 703 3532 (38,
718 3466 759 3529 10)
787 3484 822 3518 eac
842 3467 900 3518 uati
916 3471 933 3517 t.
952 3467 968 3515 8
986 3467 1023 3515 ad

86 3635 246 3674 rvsrntrarm
266 3638 494 3676 rnsrmvrronns
848 3621 866 3678 8
