2464 3916
89 203 126 236 ne
147 203 387 238 oeurcauaorueus
407 202 492 246 oussr
511 204 547 240 ux
566 203 731 240 conuuacru
750 189 800 247 ΙΙΙ,
819 191 853 238 et
871 187 935 251 (28).
965 186 1026 252 149

391 372 447 412 u1u.
456 372 548 414 XXVII
562 373 690 420 (xxvm).

122 474 173 524 DE
193 474 502 527 OBLIGATIONIBUS
527 475 638 539 QUASI
657 475 707 526 EX
726 475 956 530 CONTRACTU.

117 597 185 654 Post
206 613 305 671 genera
325 605 512 654 contractuum
533 606 690 655 enumerata
709 599 880 672 dispiciamus
896 601 975 656 etiam
991 599 1024 656 de
1041 612 1077 652 rr.

53 684 96 738 his
113 681 333 756 obligationibus,
349 699 417 756 quae
432 699 487 740 uon
502 684 612 756 proprie
629 683 737 757 quidem
753 699 785 740 en
797 692 938 739 contractu
953 686 1027 741 nasci

52 767 269 841 intelleguntur,
289 767 337 822 sed
358 775 461 838 tamen,
483 768 620 842 quianon
644 785 676 824 eu
697 766 828 824 maleficio
849 766 1026 824 substantiam

53 858 181 925 capiunt,
202 853 277 925 quasi
297 868 329 907 en
349 859 490 908 contractu
511 853 585 908 nasci
606 853 740 908 videntur.
776 852 863 926 Igitur
883 869 944 908 cum
967 855 1026 926 quis
1046 864 1059 910 1

53 937 174 992 absentis
196 937 305 1010 negotia
325 937 456 1010 gesserit,
479 937 551 992 ultro
572 938 696 1011 citroque
717 938 857 993 intereos
879 944 1028 992 nascuntur

53 1023 191 1092 actiones,
207 1037 274 1093 quae
289 1020 459 1094 appellantur
474 1022 649 1095 negotiorum
670 1029 827 1096 gestorum:
852 1021 901 1077 sed
917 1021 1026 1076 domino

53 1105 164 1178 quidem
185 1107 224 1160 rei
245 1112 338 1179 gestae
359 1105 486 1161 adversus
502 1122 581 1178 eum,
597 1108 642 1179 qui
658 1108 760 1181 gessit,
782 1106 883 1162 directa
898 1107 1028 1180 competit

54 1192 138 1261 actio,
153 1189 325 1264 negotiorum
341 1197 430 1245 autem
447 1191 549 1264 gestori
565 1193 709 1247 contraria.
742 1207 808 1264 quas
824 1207 856 1246 ex
871 1189 947 1245 nullo
963 1207 1028 1246 con·

55 1281 148 1330 tractu
162 1275 268 1348 proprie
283 1275 354 1329 nasei
370 1274 541 1332 manifestum
556 1283 614 1330 est:
630 1277 731 1350 quippe
746 1277 783 1331 ita
797 1283 946 1331 nascuntur
960 1276 1027 1330 istae

57 1359 193 1429 actiones,
213 1359 310 1414 sisino
330 1359 455 1414 mandato
478 1361 593 1434 quisque
608 1361 700 1416 alienis
721 1361 839 1432 negotiis
855 1359 981 1433 gerendis
997 1375 1027 1414 se

56 1442 200 1498 obtulerit:
216 1459 248 1498 ex
263 1459 315 1516 qua
330 1459 410 1498 eausa
424 1445 453 1514 ii,
470 1460 585 1516 quorum
601 1446 710 1518 negotia
726 1453 804 1518 gesta
818 1444 931 1514 luerint,
947 1444 1027 1498 etiam

53 1531 213 1601 ignorantes
229 1527 392 1601 obligantur.
423 1527 505 1601 idque
521 1527 644 1585 utilitatis
665 1545 744 1584 causa
764 1535 904 1601 receptum
921 1535 978 1597 est,
993 1542 1028 1582 ne

55 1612 217 1683 absentium,
233 1613 280 1686 qui
291 1611 378 1667 subita
393 1612 567 1668 festinatione
578 1614 675 1683 coacti,
691 1612 758 1668 nulli
770 1612 927 1668 demandata
942 1627 1028 1685 nego·

54 1699 156 1754 tiorum
172 1711 283 1752 suorum
299 1696 544 1768 administratione,
559 1713 676 1772 peregre
690 1698 807 1770 protecti
821 1705 929 1767 essent,
950 1695 1028 1750 dese·

54 1788 182 1837 rerentur
202 1782 324 1855 negotia:
349 1797 417 1854 quae
437 1798 501 1837 sane
522 1799 602 1838 nemo
623 1789 768 1838 curaturus
784 1791 875 1854 esset,
895 1783 918 1838 si
934 1781 967 1836 de
983 1797 1027 1851 eo,

55 1865 129 1940 quod
146 1867 207 1939 quis
222 1865 408 1938 impendisset,
424 1865 524 1921 nullam
540 1867 680 1922 habiturus
696 1875 769 1923 esset
784 1869 925 1923 actionem.
957 1867 1028 1922 sicut

54 1960 145 2006 autem
160 1952 199 2021 is,
221 1951 267 2022 qui
282 1950 385 2006 utiliter
405 1951 521 2024 gesserit
536 1953 662 2025 negotia,
683 1951 764 2006 habet
779 1951 928 2024 obligatum
943 1949 1029 2004 domi·

54 2052 118 2090 num
134 2035 320 2108 negotiorum,
335 2036 372 2090 ita
387 2042 415 2090 et
429 2041 524 2090 cornua
538 2036 590 2090 iste
606 2051 715 2108 quoque
730 2042 856 2104 tenetur,
874 2041 904 2088 ut
918 2033 1030 2087 admini-

54 2120 197 2176 strationis
212 2120 345 2175 rationem
359 2118 463 2174 reddat.
502 2135 556 2191 quo
572 2135 635 2174 casu
649 2117 682 2172 ad
697 2119 891 2173 exactissimam
914 2116 1029 2187 quisque

54 2205 224 2278 diligentiam
244 2204 416 2276 compellitur
436 2201 551 2258 reddere
576 2204 722 2258 rationem:
749 2217 799 2258 nec
826 2199 927 2274 suffieit
949 2197 1028 2252 talem

54 2289 224 2363 diligentiam
245 2287 386 2359 adhihere,
411 2287 517 2361 qualem
538 2287 595 2342 suis
615 2285 697 2343 rebus
718 2283 845 2340 adhibere
865 2284 983 2354 soleret,
1007 2282 1030 2335 si

55 2373 136 2428 modo
152 2372 221 2428 alius
232 2371 388 2446 diligentior
399 2371 567 2428 commodius
577 2371 811 2427 administraturus
823 2377 896 2426 esset
908 2367 1028 2442 negotia.

57 2450 193 2513 lTutores
209 2472 334 2529 quoque,
351 2458 397 2528 qui
412 2456 513 2512 tutelae
527 2456 627 2512 iudicio
643 2462 785 2526 tenentur,
801 2469 857 2510 non
871 2454 981 2527 proprie
997 2467 1029 2506 ex
1047 2458 1063 2506 2

55 2548 200 2597 contractu
216 2539 327 2613 obligati
347 2540 547 2614 intelleguntur
567 2539 682 2612 (nullum
704 2541 775 2594 euim
795 2540 937 2612 negotium
959 2539 1029 2592 iuter

56 2634 176 2682 tutorem
192 2632 221 2680 et
235 2625 368 2698 pupillum
384 2623 578 2694 contrahiturlz
600 2625 647 2680 sed
668 2625 730 2696 quia
751 2639 886 2678 sauenon
901 2637 934 2675 eu
949 2620 1030 2674 male·

55 2709 116 2766 ficio
132 2717 273 2780 tenentur,
290 2710 366 2780 quasi
378 2724 411 2763 ex
422 2715 562 2764 contractu
577 2711 665 2764 teneri
677 2707 810 2762 videntur.
838 2713 865 2760 et
877 2705 929 2759 hoc
940 2710 1029 2756 autem

55 2811 120 2850 casu
146 2802 256 2850 mutuae
282 2799 348 2848 sunt
370 2794 504 2848 actiones:
530 2809 586 2848 non
610 2799 713 2848 tantum
737 2792 807 2848 enim
828 2787 947 2862 pupillus
969 2801 1031 2842 oum

56 2888 148 2935 tutore
163 2875 245 2934 habet
266 2876 367 2933 tutelae
386 2877 534 2947 actionem,
556 2876 603 2930 sed
625 2883 652 2930 et
668 2891 700 2930 en
722 2875 858 2931 contrario
879 2879 955 2927 tutor
970 2886 1030 2925 oum

55 2963 160 3037 pupillo
177 2961 258 3018 habet
273 2961 434 3018 contrariam
456 2960 572 3032 tutelae,
594 2961 618 3014 si
636 2958 679 3014 vel
699 2957 863 3032 impenderit
883 2955 983 3028 aliquid
1003 2955 1031 3009 in

56 3065 112 3102 rem
127 3047 226 3121 pupilli
242 3045 284 3101 vel
299 3062 349 3118 pro
365 3061 398 3099 eo
415 3044 498 3099 luerit
513 3043 648 3118 obligatus
663 3051 709 3098 aut
728 3059 785 3098 rem
806 3059 882 3098 suam
903 3039 1032 3096 creditori

58 3133 114 3186 eius
131 3131 301 3204 obligaverit.
336 3128 402 3184 ltem
423 3130 445 3183 si
465 3129 537 3183 iuter
558 3128 662 3201 aliquos
684 3127 833 3182 communis
854 3127 889 3180 sit
910 3141 954 3179 res
974 3124 1032 3177 sine
1050 3136 1067 3182 3

58 3295 260 3303 *na—...-

127 3411 146 3476 ¹)
164 3413 224 3476 fere
242 3433 276 3452 =
293 3412 326 3462 L.
345 3414 370 3462 5.
389 3411 412 3471 ἕ.
431 3411 454 3460 1.
475 3410 506 3457 I).
535 3411 566 3459 de
593 3411 642 3462 obt.
669 3418 694 3460 et
720 3415 770 3457 oet.
791 3404 843 3471 (44,
862 3403 887 3466 7)
914 3420 949 3454 ere
976 3401 1034 3452 Goia'

58 3482 73 3527 t.
92 3483 107 3530 3
125 3496 178 3531 rer.
199 3487 268 3546 quot.
