2486 3916
521 235 691 274 ennnaarao.
1043 225 1093 274 XV

107 359 197 428 'Quae
213 373 273 417 cnm
289 363 326 417 ita
342 363 412 434 sint,
428 379 478 418 nec
494 363 583 418 mirari
599 362 677 433 licet,
700 363 773 436 quod
794 365 822 419 iu
838 361 937 420 Latinis
954 362 1090 420 codicibus

121 449 194 503 varie
209 463 269 502 cum
286 446 402 520 legitur,
425 445 586 522 plerumque
607 463 677 502 unus
698 448 740 504 vel
762 448 830 503 alter
851 464 883 504 ea
904 449 937 503 iis
958 463 1009 504 uec
1028 463 1090 504 raro

121 547 153 587 en
170 530 367 603 inferioribus,
384 533 464 586 etiam
480 547 541 587 cum
557 531 708 605 Theophilo
730 533 876 604 consentit,
892 540 920 588 et
936 531 1020 606 (quod
1036 549 1090 588 ma-

121 617 192 673 xime
207 618 235 672 in
250 616 496 689 hacdisputationis
507 624 583 690 parte
598 616 889 690 spectavilubicanque
903 619 961 672 vitii
976 615 1089 672 ¹alicuius

121 704 201 778 origo
216 703 244 756 in
260 701 320 774 ipso
337 701 488 774 Theophili)
511 701 690 760 demonstrari
711 703 799 775 possit
814 701 899 774 (velut
915 701 942 773 Ι,
967 701 1021 773 11,
1038 702 1087 759 13.

121 785 257 859 20,5.)i‹t
270 787 420 859 quominus
441 787 626 858 corrigamus,
641 787 829 842 auctoritatem
837 795 958 844 veterum
965 787 1087 842 codicum

119 871 199 928 nobis
215 869 294 926 obiici
309 887 365 926 non
380 887 477 945 posse,
495 872 594 946 quippe
610 873 656 944 qui
672 871 723 945 ipsi
745 889 759 927 a
775 871 926 946 'l'heophilo
944 871 1086 946 pendeant.

184 955 238 1012 Sed
254 964 343 1012 tamen
358 956 494 1012 interdum
510 957 642 1011 incertum
659 965 717 1027 est,
739 973 772 1011 an
794 957 887 1012 vitium
904 955 1013 1030 aliquod
1029 963 1087 1010 tan-

118 1049 177 1096 tum
193 1042 221 1098 ia
237 1039 397 1114 exemplari,
414 1057 468 1114 qao
484 1041 652 1114 Theophilus
674 1040 815 1113 utebatur,
838 1059 921 1115 quum
936 1041 1088 1096 Institutio·

118 1143 168 1182 nes
187 1133 324 1196 verteret,
340 1133 499 1199 tantumque
515 1125 547 1180 ab
563 1126 623 1199 ipso
639 1141 695 1181 non
710 1126 923 1184 animadversum
939 1126 1036 1188 luerit,
1053 1144 1086 1182 an
1186 1141 1189 1150 ’

116 1227 184 1267 vero
201 1211 279 1266 etiam
295 1209 454 1267 aliorotheo
471 1216 498 1264 et
510 1209 683 1282 Triboniano,
699 1225 759 1266 cum
771 1210 957 1268 Institutiones
974 1209 1086 1268 ederen-

119 1303 180 1367 tur,
202 1311 253 1369 pro
274 1311 337 1350 vena
352 1295 469 1352 lectione
485 1293 605 1350 habitum
621 1296 665 1352 sit.
711 1295 741 1350 ln
761 1295 894 1352 eiusmodi
910 1296 1085 1368 lectionibus,

120 1381 213 1453 quales
229 1387 292 1436 suut
307 1379 339 1450 ll,
354 1378 385 1449 4,
402 1379 430 1434 2.
449 1377 492 1436 ‘iu
508 1377 586 1452 ipso'
603 1396 653 1453 pro
670 1377 715 1435 ‘et
729 1379 816 1454 ipsa',
833 1381 875 1450 ΙΙΙ,
894 1381 944 1453 29,
961 1379 990 1437 3.
1008 1379 1087 1437 ‘nul-

120 1465 164 1520 lus
181 1463 339 1538 stipulatus'
361 1481 411 1537 pro
428 1461 459 1518 ‘a
480 1463 557 1520 nullo
573 1463 749 1537 stipulatus’,
772 1465 838 1520 nihil
858 1466 1016 1521 mutandum
1032 1475 1085 1537 est,

117 1565 154 1604 ne
168 1548 240 1604 lorte
253 1551 342 1622 ipsum
363 1549 538 1604 lastinianum
560 1548 737 1622 corrigamus.
784 1548 843 1616 Quo
859 1549 920 1605 loco
935 1549 1002 1605 illud
1018 1566 1086 1622 quo·

118 1650 172 1708 que
193 1649 302 1689 monere
324 1633 496 1690 commodum
517 1641 575 1706 est,
596 1635 624 1690 in
645 1635 677 1688 iis
698 1635 857 1705 sententiis,
880 1651 949 1708 quae
970 1651 1002 1690 ex
1019 1633 1085 1690 Gaio

116 1719 160 1774 vel
175 1719 234 1776 aliis
248 1719 497 1775 iureconsultorum
513 1718 604 1790 libris,
621 1734 736 1792 quorum
752 1719 830 1775 nobis
851 1722 928 1794 copia
944 1728 995 1790 est,
1011 1728 1085 1776 traaa-

116 1811 241 1878 sumptae
262 1813 343 1875 sunt,
365 1805 414 1860 hos
436 1806 511 1878 quasi
537 1804 627 1860 iontes
655 1805 734 1860 etiam
756 1805 784 1859 in
811 1804 899 1861 dubiis
921 1803 1083 1860 lectionibus

116 1905 172 1945 non
193 1889 381 1964 neglegendos
403 1889 510 1962 quidem
533 1888 615 1958 (unde
631 1905 694 1960 eos,
716 1888 886 1964 llruegerum
908 1900 1034 1960 secutus,
1054 1891 1083 1944 in

115 1975 189 2030 notis
206 1973 344 2048 allegavi),
366 1989 417 2028 nec
431 1981 521 2029 tamen
536 1975 646 2028 nimiam
667 1975 699 2029 iis
714 1973 888 2030 tribuendum
910 1991 984 2046 esse,
1008 1975 1084 2048 quasi

115 2058 148 2114 ad
169 2075 216 2115 eos
239 2067 366 2132 tanquam
393 2057 516 2132 regulam
543 2059 746 2114 Institutionum
774 2060 861 2114 oratio
883 2059 1015 2132 exigenda
1036 2060 1081 2113 sit.

116 2142 203 2216 Saepe
219 2146 288 2198 enim
305 2143 431 2199 consulto
447 2142 526 2197 abiis
548 2142 764 2213 declinaverunt,
787 2141 885 2215 quibus
906 2159 988 2197 novas
1003 2142 1083 2196 lasti·

115 2229 237 2284 tationes
253 2243 416 2302 componere
425 2226 576 2282 mandatum
593 2235 661 2297 erat,
676 2241 727 2282 nec
738 2243 831 2282 verum
843 2227 965 2282 criticum
977 2235 1081 2299 ageret,

115 2315 257 2386 quiquam
279 2312 384 2369 dicendi
400 2312 560 2385 elegantiam
581 2312 608 2366 in
625 2311 688 2374 Gaio
705 2311 747 2367 vel
762 2311 876 2385 Ulpiano
897 2313 977 2368 etiam
991 2311 1082 2366 invitis

114 2396 230 2452 librariis
246 2399 425 2470 requirimus,
442 2397 552 2452 eandem
565 2413 579 2451 a
591 2396 742 2470 Theophila
759 2404 786 2452 et
797 2397 935 2454 Dorotheo
949 2399 1080 2470 exigeret.

178 2479 217 2536 En
233 2481 315 2537 habes
331 2489 473 2555 praecepta
488 2483 516 2537 in
532 2482 759 2556 recognoscendis
776 2491 803 2538 et
817 2482 988 2540 emendandis
1001 2481 1081 2535 lusti·

113 2568 187 2622 niani
206 2565 425 2622 Institutionibus
447 2583 505 2622 mea
526 2567 660 2622 sententia
677 2565 849 2623 observanda.
887 2566 988 2635 Quibus
1005 2583 1019 2620 a
1034 2581 1077 2619 me

112 2650 239 2706 adhibitis
255 2650 354 2707 lactum
377 2659 434 2722 est,
456 2659 488 2706 ut
502 2668 556 2708 non
572 2653 664 2724 paucis
685 2652 712 2706 in
728 2652 795 2708 locis
817 2652 848 2708 ab
865 2670 894 2708 ea
911 2653 1080 2720 recensione,

113 2753 167 2809 qua
188 2752 261 2792 nunc
275 2735 359 2810 vulgo
377 2737 491 2808 utimur,
514 2735 712 2792 deflectendum
734 2743 822 2806 esset,
843 2737 978 2792 interdum
1000 2736 1079 2790 etiam

111 2823 165 2890 ita,
187 2827 218 2875 ut
233 2836 314 2876 verus
335 2817 388 2876 loci
403 2837 499 2876 sensus
521 2837 593 2876 nunc
609 2821 725 2894 primum
741 2823 838 2894 aperiri
854 2821 984 2878 videatur.
1016 2817 1079 2874 Gra·

111 2907 219 2960 viarum
239 2905 378 2976 locorum,
408 2907 453 2979 qui
475 2906 651 2960 mutationem
673 2907 777 2979 experti
799 2915 879 2976 sant,
900 2907 1014 2962 indicem
1035 2905 1079 2959 hic

111 2987 241 3061 sublicio,
257 2999 288 3045 ut
302 2989 390 3044 lector
405 2989 438 3046 de
455 2997 510 3046 tota
525 2993 619 3058 nostra
634 2991 738 3046 ratione
754 3008 785 3046 en
801 2992 858 3064 ipsa
874 3007 903 3046 re
919 2991 1022 3046 facilius
1038 2991 1079 3044 iu·

111 3073 200 3130 dicare
215 3075 313 3148 possit.
343 3075 413 3132 Sunt
427 3075 525 3148 igitur:
542 3090 664 3147 prooem.
682 3075 710 3132 3.
727 3075 753 3146 l,
773 3077 821 3148 10,
841 3076 888 3132 13.
907 3075 963 3148 20,
980 3077 1009 3133 5.
1027 3073 1078 3144 26,

111 3160 138 3216 3.
157 3159 184 3215 5.
196 3159 233 3230 ΙΙ,
252 3162 280 3231 1,
297 3161 325 3217 6.
344 3159 393 3216 23.
412 3159 463 3216 39.
480 3159 530 3214 41.
550 3159 665 3230 1Ο,10.
686 3159 740 3230 14,
758 3160 785 3216 h.
805 3161 832 3217 7.
852 3161 901 3231 17,
919 3159 959 3232 (6)
977 3162 1005 3217 t.
1026 3157 1076 3229 22,

112 3245 140 3302 1.
159 3243 210 3316 23,
228 3243 256 3300 7.
273 3245 303 3302 8.
321 3245 371 3300 12.
389 3244 502 3319 25‚pr.
519 3243 664 3315 ΙΙΙ,1,8.
685 3244 843 3320 16.2,pr.
861 3245 889 3302 2.
908 3245 936 3302 3.
955 3247 984 3317 6,
1001 3245 1028 3301 5.
1047 3245 1075 3300 6.

111 3327 675 3402 10.9‚pr.10.12.10,3.11,1.5.19,
692 3329 757 3386 29.
767 3329 818 3402 23,
835 3329 923 3402 224,
940 3329 1007 3385 3.4.
1025 3327 1076 3396 25,

110 3414 138 3470 9.
157 3413 209 3485 26,
225 3413 254 3470 3.
272 3413 322 3486 27,
340 3415 367 3472 5.
387 3415 414 3471 7.
433 3415 483 3486 29,
500 3413 528 3469 2.
546 3413 575 3470 3.
592 3413 636 3486 lV,
653 3415 682 3483 1,
699 3413 727 3471 8.
746 3415 794 3470 11.
813 3415 842 3488 2,
860 3417 887 3470 1.
906 3415 934 3470 2.
952 3413 981 3484 3,
999 3411 1026 3470 3.
1044 3411 1073 3466 4.

109 3497 140 3570 5,
157 3499 186 3556 3.
205 3497 234 3570 6,
253 3499 279 3554 1.
297 3499 325 3555 2.
343 3500 371 3557 3.
389 3499 418 3555 4.
437 3501 484 3558 10.
505 3498 552 3555 12.
578 3499 625 3557 15.
643 3497 693 3556 20.
718 3498 767 3554 24.
785 3499 834 3556 33.
854 3491 919 3556 33d.
943 3497 1005 3554 330.
1024 3497 1074 3552 39.
