2486 3916
196 189 236 254 76
302 203 406 248 oureus
424 203 512 238 nome
530 201 716 239 cassinense
734 201 935 240 rnrrmrarsrun
952 189 991 252 ll,
1012 190 1051 240 ta.

195 348 311 405 existere
324 338 468 419 potnerit.¹
484 344 602 420 ideoque
617 347 640 401 si
660 347 721 418 quis
737 353 783 401 aut
797 345 916 402 noluerit
931 345 1012 400 heres
1026 361 1107 416 esse,
1124 355 1170 401 aut

103 423 106 429 ’
152 443 155 448 ·
194 434 254 488 vivo
275 437 408 486 testatore
428 437 475 486 aut
493 439 558 503 post
577 437 694 486 mortem
721 431 796 501 eius,
820 437 963 504 antequam
987 427 1169 486 hereditatem

195 515 292 586 adiret,
307 514 465 586 decesserit,
481 521 527 570 aut
541 513 710 586 condicione,
719 513 776 570 suh
793 531 847 588 qua
859 514 938 570 heres
953 515 1101 570 institutus
1116 523 1168 586 est,

195 599 317 656 deiectus
338 601 389 670 sit,
410 601 438 656 iu
460 600 501 656 his
523 597 629 656 ossibus
649 599 840 674 paterfamilias
868 600 1015 656 intestatus
1036 601 1167 654 moritur:

194 701 255 742 nam
270 689 298 740 et
312 685 388 758 prius
404 691 596 740 testamentum
611 699 667 739 non
682 683 769 755 valet,
791 691 903 758 ruptum
923 701 938 738 a
952 684 1127 757 posteriore,
1143 691 1168 740 et

194 769 332 844 posterius
348 785 433 842 aeque
448 767 536 824 nullm
552 768 622 824 vires
638 767 734 840 habet,
755 785 816 824 cum
832 784 865 824 er
880 784 912 824 eo
927 783 1007 824 nemo
1023 768 1108 824 heres
1124 784 1167 824 ex-

161 855 177 904 3
194 855 291 910 titerit.
322 851 375 908 Sed
390 854 414 908 si
429 854 501 928 quis,
516 853 609 926 priore
623 859 786 910 testamento
801 854 861 909 iure
876 851 1012 928 perlecto,
1026 853 1168 926 posterius

195 955 281 1012 aeque
295 940 354 994 iure
368 936 474 1010 iecerit,
491 937 595 992 etiamsi
609 953 642 992 er
657 939 738 1016 certis
753 936 834 993 rebus
852 938 880 992 in
896 953 929 992 eo
944 935 1076 994 heredem
1092 938 1168 992 insti·

195 1024 295 1094 tuerit,
314 1022 440 1095 superius
460 1027 653 1092 testamentum
673 1020 810 1078 sublatum
830 1037 892 1078 esse
907 1020 972 1098 divi
998 1020 1120 1078 Severus
1143 1029 1168 1076 et

194 1107 349 1162 Antoninus
364 1107 573 1180 rescripserunt.
604 1106 680 1162 cuius
696 1106 902 1162 constitutionis
915 1106 1000 1160 inseri
1014 1105 1100 1160 verba
1114 1107 1167 1160 ius·

194 1191 295 1261 simus,
310 1205 371 1246 cum
387 1189 459 1246 aliud
474 1205 584 1266 quoque
598 1197 738 1264 praeterea
753 1191 781 1246 in
796 1207 827 1248 ea
842 1191 1041 1247 constitutione
1055 1205 1166 1263 expres-

194 1290 255 1329 sum
270 1281 321 1330 est.
350 1272 545 1348 ‘Imperatores
554 1274 669 1331 Severus
685 1283 713 1330 et
723 1276 878 1332 Antoninus
889 1273 1002 1330 Cocceio
1019 1272 1164 1348 Campano.

194 1357 397 1414 Testamentum
413 1359 533 1416 secundo
549 1359 611 1415 loco
623 1358 740 1430 lactum,
754 1359 819 1415 lieet
832 1361 861 1415 in
872 1375 906 1415 eo
921 1365 1058 1414 certarum
1075 1374 1163 1414 rerum

194 1443 273 1500 heres
300 1445 418 1517 scriptus
439 1445 491 1515 sit,
516 1445 577 1500 iure
597 1442 701 1515 valere,
722 1443 834 1517 perinde
855 1461 886 1500 ac
906 1445 929 1499 si
948 1459 1041 1499 rerum
1061 1444 1162 1498 mendo

194 1527 264 1586 fecta
283 1545 340 1584 non
360 1536 448 1600 esset,
469 1527 518 1584 sed
538 1529 625 1584 teneri
640 1527 767 1584 heredem
782 1529 929 1601 scriptum,
952 1535 997 1598 ut,
1017 1534 1162 1582 contentus

194 1612 276 1669 rebus
296 1611 347 1668 sihi
363 1612 448 1684 datis,
469 1620 515 1668 aut
530 1612 655 1685 suppleta
671 1619 766 1684 quarta
781 1629 814 1668 er
829 1612 891 1686 lege
906 1611 1038 1682 Falcidia,
1059 1611 1162 1666 heredi·

193 1705 277 1753 tatem
297 1697 424 1752 restituat
444 1698 501 1768 his,
524 1697 570 1769 qui
590 1696 618 1750 in
638 1697 730 1769 priore
751 1704 915 1754 testamento
936 1697 1030 1770 scripti
1045 1695 1162 1766 inerant,

193 1788 307 1853 propter
321 1781 423 1834 inserta
443 1779 523 1836 verba
543 1775 663 1835 secundo
679 1788 858 1852 testamento,
878 1779 993 1856 qulbus,
1014 1789 1046 1835 ut
1060 1779 1162 1836 valeret

192 1865 268 1938 prius
284 1870 494 1934 testamentum,
516 1879 674 1938 expressum
690 1872 747 1936 est,
769 1865 885 1922 dubitari
900 1882 957 1922 uon
972 1864 1105 1940 oportet’
1135 1871 1161 1919 et

158 1956 176 2004 4
192 1955 303 2022 ruptum
320 1947 429 2022 quidem
449 1956 642 2006 testamentum
663 1950 717 2006 hoc
737 1949 819 2006 modo
840 1948 967 2006 efficitur.
994 1941 1080 2005 '²Alio
1095 1964 1160 2022 quo-

193 2050 247 2107 que
262 2032 344 2090 modo
359 2041 521 2090 testamenta
535 2035 593 2090 iure
608 2033 677 2090 lacta
690 2032 870 2106 infirmantur,
885 2035 970 2090 veluti
986 2049 1046 2090 cum
1061 2035 1100 2105 is,
1115 2034 1160 2106 qui

192 2119 290 2176 lecerit
305 2125 508 2189 testamentum,
523 2120 611 2192 capite
626 2118 780 2175 deminutus
796 2121 841 2175 sit.
872 2118 946 2192 quod
961 2117 1058 2192 quibus
1074 2117 1160 2172 modis

159 2203 305 2275 caecidit,
325 2205 412 2277 primo
433 2203 503 2259 libro
525 2203 691 2260 rettulimus.
728 2203 787 2259 lloc
807 2211 898 2260 autem
924 2219 988 2258 casu
1008 2203 1085 2257 irrita
1104 2199 1160 2256 fieri

192 2295 356 2344 testamenta
374 2287 517 2358 dicuntur,
538 2304 599 2343 cum
620 2287 740 2362 alioquin
762 2296 789 2343 et
810 2303 878 2362 quae
893 2294 1068 2362 rumpantur,
1087 2287 1159 2341 irrita

192 2370 278 2440 fiunt,
301 2378 329 2425 et
349 2387 418 2443 quae
440 2371 531 2425 statim
553 2369 585 2425 ab
600 2371 677 2426 initio
698 2389 754 2428 non
768 2373 827 2428 iure
843 2370 928 2443 fiunt,
948 2373 1025 2427 irrita
1041 2377 1115 2426 sunt:
1131 2377 1160 2424 et

192 2471 233 2524 ea,
250 2469 319 2526 quac
334 2453 393 2510 iure
408 2453 573 2525 factasunt,
594 2462 692 2528 postca
705 2463 820 2530 propter
840 2458 934 2530 capitis
949 2455 1159 2512 deminutionem

192 2539 269 2593 irrita
289 2535 374 2608 fiunt,
395 2553 541 2612 possumus
569 2537 654 2596 nihilo
680 2541 769 2597 minus
794 2548 875 2616 rupta
894 2541 995 2597 dicere.
1031 2528 1080 2595 sed
1100 2539 1159 2612 quia

192 2639 255 2678 sane
271 2622 438 2680 commodius
459 2630 518 2680 erat
543 2623 665 2698 singulas
686 2641 779 2682 causas
800 2625 916 2700 singulis
936 2623 1159 2698 appellationibus

191 2707 333 2782 distingui,
348 2707 409 2765 ideo
426 2707 556 2783 quaedam
571 2723 627 2764 non
642 2710 701 2766 iure
715 2709 785 2766 iacta
796 2709 942 2781 dicuntur,
959 2707 1089 2782 quaedam
1102 2709 1160 2764 iure

140 2792 273 2869 6(5)laeta
288 2795 376 2867 rumpi
390 2793 434 2848 vel
448 2794 526 2849 irrita
540 2791 607 2850 fieri.
628 2793 689 2850 Non
704 2801 794 2850 umen
810 2812 861 2870 per
875 2796 964 2854 omnia
977 2793 1085 2849 inutilia
1099 2801 1161 2850 sunt

191 2892 222 2931 ea
236 2883 413 2947 testamenta,
435 2893 504 2950 quae
519 2877 550 2932 ab
565 2878 644 2934 initio
664 2879 724 2934 iure
744 2879 814 2935 lacta
834 2888 948 2954 proptor
968 2879 1063 2952 capitis
1079 2878 1159 2934 derni-

190 2961 331 3018 nutionem
345 2962 422 3017 irrita
436 2961 506 3017 laeta
526 2969 602 3018 sunt.
637 2951 742 3017 nam'si
761 2971 867 3038 septem
887 2955 1000 3020 testium
1020 2964 1104 3037 signis
1123 2965 1159 3018 si·

191 3051 274 3117 gnata
289 3052 371 3115 sunt,
386 3052 480 3118 potest
494 3047 611 3120 ascriptu
627 3047 706 3102 heres
722 3048 871 3104 secundum
886 3047 990 3106 tabulas
1006 3049 1157 3104 testamenti

189 3126 324 3184 bonorum
345 3131 545 3202 possessionem
565 3147 731 3204 agnoscere,
753 3132 872 3190 simodo
893 3133 1038 3188 defunctam
1054 3139 1083 3188 et
1096 3133 1158 3188 ciris

189 3210 325 3269 Romanus
340 3221 368 3269 et
383 3230 447 3269 suae
462 3217 607 3288 potestatis
623 3218 718 3272 mortis
733 3223 857 3292 tempore
872 3217 968 3274 luerit:
984 3233 1046 3273 nam
1060 3218 1084 3272 si
1098 3216 1156 3272 ideo

258 3407 277 3472 ¹)
293 3411 353 3472 fere
370 3431 404 3452 ·-·-··
421 3411 455 3460 L.
474 3411 517 3464 29.
535 3410 569 3460 D.
588 3413 624 3460 ad
641 3411 689 3462 SU.
711 3414 820 3466 stedell.
849 3414 905 3479 (36,
925 3415 950 3479 1)
969 3431 1005 3465 eac
1029 3415 1156 3466 Marciani

191 3478 206 3526 l.
225 3478 243 3525 4
259 3479 339 3532 instit.
409 3477 430 3540 Ι)
448 3478 488 3539 ἕξ,
507 3479 591 3529 4...6
606 3479 666 3540 fere
683 3501 717 3521 =
737 3483 795 3532 Gai.
813 3485 837 3541 2,
858 3484 1011 3535 ndomita.
