2484 3916
125 381 159 432 25

122 2296 155 2344 26

121 2803 153 2852 at

175 197 220 262 40
458 214 492 247 on
512 211 609 248 sanun
627 211 775 250 nivrsrortc
796 199 869 256 ll,1.

243 349 325 410 1ιῖυυι
340 371 373 410 en
388 355 473 410 aliena
488 355 597 410 materia
613 355 716 428 specics
738 353 826 428 aliqua
848 353 915 410 facta
935 355 971 409 sit
993 353 1024 410 ab
1040 355 1150 428 aliquo,

178 441 270 512 quaeri
286 439 373 510 solet⁷
395 440 454 512 quis
470 455 564 494 eorum
580 438 694 494 naturali
715 439 821 494 ratione
836 438 961 494 dominus
977 440 1029 510 sit,
1051 447 1148 494 utrum

177 527 215 594 is,
233 525 279 597 qui
294 522 404 594 lecerit,
422 539 455 579 au
470 523 515 578 ille
530 524 638 597 potius,
655 525 701 596 qui
717 524 842 579 materiae
857 522 983 578 dominus
999 522 1098 579 inerit:
1114 531 1150 578 υι

176 624 239 664 ecce
254 609 278 663 si
290 609 349 682 quis
359 623 392 663 ex
408 607 501 664 alienis
513 609 571 662 uvis
584 615 630 664 aut
645 607 723 663 olivis
735 615 780 662 aut
792 607 872 680 spicis
888 609 977 662 vinum
994 616 1040 662 aut
1052 607 1147 664 oleum

176 700 223 747 aut
238 691 403 749 frumentum
419 692 524 762 lecerit,
540 701 586 748 aut
601 709 633 747 er
649 691 737 747 alieno
753 708 819 746 auro
836 691 879 746 vel
893 700 1007 765 argento
1022 691 1065 747 vel
1081 707 1148 748 aere

177 793 221 832 vas
237 776 348 850 aliquod
369 777 480 848 lecerit,
503 776 545 832 vel
567 793 598 831 er
621 775 707 832 alieno
728 777 789 832 vino
811 783 839 830 et
861 775 941 832 melle
961 775 1079 830 mulsum
1095 777 1148 830 mi·

176 862 287 931 seuerit,
303 861 345 916 vel
361 878 393 916 ex
408 861 501 916 alienis
517 859 717 916 medicamentis
738 860 912 934 emplastrum
932 867 978 915 aut
999 860 1146 934 collyrium

177 947 378 1019 composuerit,
399 943 442 1000 vel
464 961 499 1000 ex
520 943 605 999 aliena
625 944 685 999 lana
704 945 895 1000 vestimentum
915 943 1025 1015 lecerit,
1047 943 1090 999 vel
1111 959 1147 999 ex

177 1029 270 1084 alienis
286 1028 384 1085 tabulis
400 1043 493 1084 navem
509 1028 551 1083 vel
566 1029 708 1082 armarium
732 1028 774 1084 vel
789 1027 949 1083 subsellium
964 1027 1145 1084 fabricaverit.

176 1121 203 1168 et
224 1121 287 1186 post
308 1113 405 1168 multas
427 1111 629 1168 Sabinianorum
658 1121 685 1168 et
705 1112 926 1168 Proculianorum
954 1111 1147 1186 ambiguitates

175 1197 277 1269 placuit
292 1197 379 1252 media
393 1199 527 1252 sententia
547 1197 773 1267 existimantium,
796 1199 819 1252 si
840 1213 869 1252 ee
882 1198 995 1270 species
1011 1197 1043 1252 ad
1059 1204 1147 1252 mate-

175 1281 242 1335 riam
257 1280 350 1336 reduci
364 1282 461 1355 possit,
478 1297 539 1336 eum
555 1281 638 1336 videri
650 1281 787 1337 dominum
804 1297 875 1352 esse,
891 1282 938 1354 qui
953 1281 1078 1336 materiae
1094 1280 1147 1335 do·

177 1365 264 1420 minus
280 1364 383 1435 fuerat3
399 1367 492 1421 sinon
506 1367 595 1440 possit
609 1364 718 1436 reduci,
734 1381 795 1420 eum
811 1367 903 1438 potius
918 1365 1041 1438 intellegi
1056 1364 1146 1420 domi-

176 1465 251 1520 num,
268 1451 314 1524 qui
329 1448 438 1506 lecerit:
454 1458 484 1505 υι
500 1467 562 1506 ecce
577 1467 621 1510 vas
637 1448 783 1505 condatum
804 1457 896 1524 potest
917 1448 950 1504 ad
963 1447 1058 1504 rudem
1073 1465 1146 1504 mas-

176 1549 232 1588 sam
247 1535 314 1590 aeris
331 1535 373 1590 vel
388 1536 494 1608 argenti
509 1535 552 1590 vel
567 1535 624 1590 auri
639 1533 745 1605 reduci,
766 1535 857 1589 vinum
878 1543 966 1588 autem
989 1541 1035 1588 aut
1050 1532 1145 1588 oleum

176 1625 221 1672 aut
237 1617 402 1674 frumentum
423 1619 455 1674 ad
472 1636 534 1674 uvas
550 1627 577 1674 et
593 1618 676 1674 olivas
697 1627 724 1673 ct
740 1619 826 1691 spicas
848 1619 946 1674 reverti
966 1634 1022 1672 non
1038 1625 1147 1690 potest,

176 1717 205 1755 ac
221 1719 255 1756 ne
270 1703 387 1756 mulsum
404 1702 511 1774 quidem
527 1701 558 1756 ad
574 1703 664 1756 vinum
686 1702 781 1774 etmel
801 1702 899 1757 resolvi
913 1707 1011 1776 potest.
1042 1701 1145 1774 quodsi

175 1787 272 1856 partim
288 1801 320 1840 ex
335 1803 384 1840 sua
398 1787 523 1856 materia,
544 1787 641 1858 partim
657 1801 690 1840 ευ
705 1786 790 1842 aliena
805 1788 920 1860 speciem
936 1785 1053 1858 aliquam
1069 1785 1154 1841 lece·-

174 1869 210 1922 rit
226 1870 358 1942 quisque,
379 1869 462 1924 veluti
478 1885 510 1924 er
525 1886 577 1925 suo
592 1871 654 1925 vino
671 1877 698 1926 et
713 1869 800 1925 alieno
822 1870 901 1926 melle
916 1870 1031 1925 mulsum
1048 1878 1094 1924 aut
1109 1885 1145 1924 or

174 1953 230 2007 suis
247 1960 274 2008 ct
289 1952 382 2009 alienis
403 1953 604 2010 medicamentis
626 1955 801 2028 emplastrum
823 1961 869 2009 aut
889 1954 1031 2027 collyrium
1047 1962 1094 2008 aut
1109 1969 1144 2008 ex

174 2051 223 2091 sna
238 2045 266 2093 ει
281 2037 366 2094 υΙίευυ
385 2037 445 2094 lana
465 2040 654 2096 vestimentum
676 2038 787 2109 feccrit,
815 2037 991 2094 dubitandum
1011 2054 1066 2093 non
1088 2047 1146 2109 est,

174 2121 226 2177 boc
240 2139 304 2179 casu
320 2139 382 2180 cum
398 2139 458 2180 esse
472 2123 623 2196 dominum,
640 2125 687 2199 qui
702 2123 808 2179 lecerit:
825 2139 885 2179 oum
901 2139 956 2178 non
971 2122 1060 2178 solum
1075 2139 1146 2195 ope-

174 2223 230 2261 ram
250 2224 326 2263 suam
349 2207 438 2279 dedit,
460 2208 508 2264 sed
529 2215 556 2264 et
576 2215 680 2282 partem
702 2207 821 2263 eiusdem
843 2209 969 2262 materiae
984 2209 1142 2280 praestavit.

174 2290 201 2345 si
217 2299 307 2346 tamen
323 2291 436 2347 alienam
450 2309 599 2366 purpuram
614 2294 674 2365 quis
690 2293 806 2347 intenuit
821 2305 872 2346 suo
888 2292 1060 2361 vestimento,
1076 2290 1145 2346 licet

173 2375 320 2445 pretiosior
341 2383 383 2430 est
402 2391 539 2448 purpura,
561 2377 723 2436 accessionis
743 2377 800 2431 vice
822 2376 894 2432 cedit
913 2376 1090 2430 vestimento:
1114 2383 1145 2430 et

174 2457 221 2530 qui
237 2456 362 2512 dominus
377 2457 430 2513 luit
444 2473 591 2532 purpurae,
607 2459 735 2516 adversus
751 2477 823 2530 eum,
840 2463 886 2534 qui
897 2458 1043 2532 subripuit,
1059 2458 1145 2514 babet

173 2541 239 2596 lurti
253 2543 384 2598 actionem
400 2549 428 2598 et
442 2541 658 2615 condictionem,
674 2546 729 2600 sive
744 2546 802 2617 ipse
818 2553 871 2615 est,
887 2546 932 2618 qui
949 2545 1143 2622 vestimentum

173 2624 251 2696 lecit,
274 2627 330 2682 sive
350 2625 428 2682 alius.
460 2618 539 2682 ²nam
561 2629 695 2685 extinctae
715 2645 759 2684 res
780 2628 843 2684 licet
863 2629 990 2684 vindicari
1005 2643 1060 2683 non
1075 2643 1143 2700 pos·

172 2711 237 2782 sint,
254 2711 358 2766 condlci
378 2721 467 2766 tamen
482 2727 497 2766 a
512 2709 617 2768 furibus
639 2721 666 2769 et
682 2729 696 2768 a
712 2711 872 2786 quibusdam
895 2713 951 2768 aliis
973 2713 1143 2786 possessori-

171 2793 222 2850 bus
243 2803 368 2869 possunt.
405 2794 432 2850 Si
454 2795 570 2851 duorum
592 2799 719 2854 materiae
740 2813 772 2852 ex
799 2797 939 2852 voluntate
966 2796 1142 2852 dominorum

171 2877 299 2934 confusae
315 2881 380 2950 sint,
396 2887 484 2934 totum
500 2879 526 2934 id
542 2896 651 2954 corpus,
668 2881 742 2954 quod
758 2897 790 2936 en
803 2881 965 2938 confusione
980 2879 1020 2951 m,
1036 2881 1143 2936 utrius·

172 2978 224 3034 que
240 2978 382 3018 commune
398 2972 450 3035 est,
466 2964 549 3020 veluti
564 2965 587 3019 si
604 2967 649 3038 qui
664 2967 724 3021 vina
747 2983 794 3020 sua
810 2965 982 3022 confuderint
1002 2973 1049 3020 aut
1069 2981 1143 3020 mas·

171 3062 213 3100 sas
229 3048 336 3119 argenti
353 3047 465 3103 velauri
481 3047 666 3106 confleverint.
699 3049 746 3105 sed
768 3051 790 3104 si
805 3049 926 3106 diversae
942 3051 1067 3105 materiae
1084 3053 1144 3105 sint

171 3137 198 3184 et
215 3129 248 3186 ob
264 3129 290 3185 id
306 3133 416 3205 propria
431 3135 536 3206 species
552 3133 622 3190 sacta
639 3135 690 3206 sit,
713 3134 784 3190 sorte
805 3152 837 3190 ex
853 3136 915 3190 vino
932 3141 958 3189 et
975 3135 1054 3190 melle
1069 3135 1143 3190 mul·

170 3232 229 3270 sum
245 3224 290 3272 aot
306 3233 337 3271 et
354 3233 419 3272 auro
436 3225 463 3272 et
479 3225 593 3292 argento
610 3218 755 3290 electrum,
777 3219 848 3275 idem
868 3221 935 3275 iuris
951 3227 1006 3274 est:
1027 3235 1091 3274 nam
1114 3227 1145 3274 et

170 3380 373 3389 --·-—-———..-

240 3478 258 3542 ¹)
277 3502 310 3522 =
331 3483 362 3532 b·
383 3484 406 3532 ⁷·
427 3483 451 3544 s·
471 3484 494 3535 ⁷.
514 3483 548 3533 1>-
568 3486 624 3534 eod.
644 3491 702 3534 mut.
772 3483 792 3549 ²)
812 3505 845 3526 =
865 3485 921 3538 ear.
940 3487 965 3549 e,
985 3485 1017 3534 re
1031 3486 1078 3548 fin.
