2486 3916
215 178 256 242 72
426 202 462 240 ns
481 201 606 241 venenas
627 205 853 250 anserinumoss
872 199 907 262 11,
929 203 968 252 15.

164 369 168 379 ·
213 337 292 394 redes
313 342 407 414 scripti
427 344 499 415 sint,
524 347 637 419 perinde
659 349 825 426 habeantur,
847 371 876 412 ae
898 359 920 413 si
942 361 1123 434 unusquisqne
1140 381 1165 419 er

178 433 194 482 8
213 431 308 496 quartu
328 433 404 497 parte
426 429 544 502 scriptus
565 431 671 489 inisset.
707 434 778 494 Etsi
798 439 891 514 piures
907 444 1001 499 unciae
1022 460 1099 518 quam
1112 447 1167 503 dno·

212 504 298 563 decim
314 504 474 568 distributae
489 523 569 584 sunt,
589 518 628 588 is,
651 521 697 593 qui
713 523 771 578 sine
785 531 862 596 parte
877 527 1021 584 institutus
1036 537 1092 600 est,
1107 532 1165 604 qnod

211 589 340 664 dipondio
356 593 448 666 deest,
470 597 592 656 babebit:
613 602 739 678 idemque
760 609 828 679 erit,
849 610 871 664 si
892 609 1039 685 dipondius
1060 615 1167 688 expletus

211 674 254 729 sit.
293 691 361 750 quae
382 694 476 736 omnes
488 689 579 756 partes
594 686 626 742 ad
647 704 735 744 assem
751 700 848 764 postea
862 703 1043 770 revocantur,
1063 701 1167 771 quomis

210 758 265 814 sint
279 759 398 833 piurium
414 767 562 823 unciarum.
1000 791 1002 794 '

175 852 191 900 9
273 843 358 900 Heres
373 853 402 902 et
415 865 484 922 pnre
498 859 527 906 et
546 851 597 908 sub
612 855 772 923 ccrrdicione
786 861 894 920 institui
910 872 1015 937 potest.
1053 883 1085 922 en
1104 876 1166 923 certo

209 931 332 1001 tempore
343 939 395 986 aut
409 932 442 987 ad
457 942 562 991 certum
577 944 684 1012 tempus
700 959 756 999 non
770 952 881 1019 potest,
896 948 982 1006 veluti
997 965 1078 1008 Posn
1093 968 1166 1016 onin-

209 1025 371 1075 oucmuun
386 1031 474 1080 ouen
488 1035 611 1079 nonius
625 1024 668 1079 vei
687 1043 729 1084 ex
743 1044 902 1090 xnunuma
917 1051 1003 1093 1nn1s
1018 1044 1066 1092 arn
1079 1052 1165 1101 nsonn

206 1109 249 1151 nn
264 1112 429 1156 xnusunns
450 1117 543 1161 mnus
562 1121 664 1165 nanus
685 1126 780 1170 usuc:
807 1112 952 1190 diemqne¹
974 1119 1107 1176 adiectum
1125 1136 1166 1192 pm

207 1195 373 1251 supervacuo
389 1182 482 1242 haberi
503 1188 592 1261 placet
607 1199 635 1246 et
649 1196 761 1266 perinde
777 1214 853 1271 csse,
875 1217 906 1258 ac
922 1204 945 1258 si
959 1221 1031 1277 pure
1047 1205 1121 1262 heres
1133 1206 1164 1260 in·

155 1272 188 1322 10
205 1263 319 1319 stitutus
335 1275 416 1324 essct.
453 1269 627 1345 impossibilis
642 1278 766 1337 condicio
787 1284 814 1338 in
828 1285 1051 1344 institutionibus
1065 1296 1092 1344 et
1105 1289 1165 1362 legn-

205 1347 240 1402 tis
256 1364 306 1404 nec
325 1366 382 1407 non
401 1354 429 1408 in
449 1352 664 1416 fideicommissis
685 1371 714 1419 ct
735 1364 905 1426 libertatibus
925 1389 977 1446 pro
999 1390 1056 1430 non
1077 1374 1163 1446 scripto

154 1439 185 1488 11
204 1429 327 1488 habetur.
364 1434 392 1491 Si
409 1437 502 1510 piures
516 1442 692 1502 condiciones
706 1449 872 1510 institutioni
887 1455 1041 1532 adscriptae
1056 1465 1128 1528 sunt,
1146 1457 1164 1510 si

204 1513 312 1587 quidem
323 1519 499 1596 coniunctim,
515 1533 547 1582 nt
560 1535 626 1606 puta
642 1545 944 1600 s11nnnnnn1nnnn
953 1557 1082 1602 necron
1091 1559 1161 1610 nelo
1198 1569 1203 1578 ·

204 1599 327 1656 omnibns
348 1606 498 1676 parendum
518 1617 575 1666 est:
605 1615 628 1668 si
648 1621 807 1692 separatim,
834 1623 918 1680 veluti
945 1640 976 1683 er
997 1643 1091 1687 mnne
1110 1641 1161 1684 Anu

201 1697 298 1742 menn
312 1701 439 1746 sucrum
453 1709 545 1764 eme,
561 1697 605 1752 cni
620 1696 687 1754 libet
702 1701 889 1780 obtemperare
904 1711 969 1766 sutis
986 1720 1038 1768 est.

151 1780 182 1829 12
264 1765 312 1838 Hi,
329 1785 399 1842 quos
409 1788 556 1848 numquam
572 1786 689 1838 testator
700 1786 781 1859 vidit,
798 1789 913 1850 heredes
927 1796 1036 1854 institui
1050 1801 1159 1871 possunt,

200 1847 285 1904 veluti
300 1853 322 1906 si
334 1851 425 1910 fratris
440 1855 512 1914 iiiios
526 1867 635 1938 peregri
648 1875 726 1924 natos
742 1871 888 1948 ignorans,
911 1881 957 1954 qui
972 1889 1082 1952 essent,
1096 1881 1159 1936 here·

200 1931 248 1987 des
263 1935 426 2074 ipstitnerit:
441 1943 595 2016 ignorantia
606 1952 677 2008 enim
694 1959 819 2014 testantis
834 1961 959 2020 inutilem
973 1965 1157 2022 institutionem

199 2032 255 2073 non
281 2022 342 2077 ecit.

625 2231 682 2274 unt
696 2234 746 2276 XV.

408 2323 458 2374 DE
481 2328 647 2382 VULGARI
664 2334 966 2398 SUBSTITUTIONE.

145 2444 180 2486 er.
262 2429 377 2495 ²Potest
392 2451 482 2500 autem
497 2450 558 2521 quis
572 2452 601 2506 in
623 2460 786 2517 testamento
802 2481 853 2520 sno
868 2467 961 2539 piures
976 2472 1078 2545 gradus
1092 2471 1157 2525 bere·

197 2515 261 2574 dum
276 2520 381 2596 iacere,
402 2534 434 2582 nt
452 2537 519 2602 putu
535 2547 565 2590 ει
579 2551 653 2594 mnu
668 2557 770 2602 nunus
785 2564 848 2606 nou
862 2565 955 2624 unm,
977 2573 1051 2614 mun
1066 2563 1155 2612 nunno

194 2616 290 2662 neno:
312 2613 340 2662 ct
355 2607 496 2686 deinceps,
512 2617 540 2672 in
556 2629 687 2692 quantum
702 2628 781 2702 velit,
802 2639 920 2692 testator
934 2637 1099 2696 substituere
1114 2651 1155 2710 po·

195 2691 251 2742 test
265 2698 294 2746 et
305 2693 454 2753 novissimo
470 2698 532 2756 loco
547 2704 575 2759 in
590 2705 740 2767 subsidium
751 2715 793 2771 vei
804 2732 913 2775 servum
923 2727 1102 2780 necessarium
1115 2721 1154 2776 ht·

161 2782 175 2830 1
194 2770 286 2830 reden
301 2775 452 2838 instituere.
489 2783 523 2840 Et
536 2787 629 2862 plnres
650 2794 678 2848 in
694 2798 773 2854 unius
789 2799 880 2858 locum
894 2815 1013 2878 possunt
1028 2803 1153 2871 substitui,

194 2853 236 2909 vel
251 2873 321 2914 arnus
336 2862 364 2916 in
379 2865 497 2936 plurium
505 2913 516 2948 ,Ι
529 2872 572 2928 vel
587 2876 688 2950 singuli
700 2881 832 2956 singuiis,
848 2887 890 2944 vei
905 2890 1019 2950 invicem
1035 2893 1099 2967 ipsi,
1114 2886 1152 2960 qni

159 2950 175 2999 2
194 2937 308 2997 heredes
321 2944 440 3004 instituti
452 2962 526 3011 sunt.
546 2954 580 3014 Et
594 2961 616 3014 si
632 2977 664 3017 en
676 2962 826 3038 disparibus
839 2971 961 3044 partibus
973 2977 1085 3034 heredes
1096 2971 1152 3028 scri·

192 3029 255 3095 ptos
270 3026 383 3086 invicem
399 3032 571 3096 substituerit
586 3051 614 3100 et
629 3045 730 3104 nuliam
744 3055 911 3113 mentionem
924 3059 954 3114 in
969 3060 1151 3118 substitutione

192 3106 316 3167 habuerit
331 3117 464 3192 partium,
489 3139 533 3180 eas
555 3127 662 3185 videtur
682 3142 772 3205 partes
792 3139 820 3194 in
836 3139 1031 3202 substitutione
1046 3144 1149 3207 uenisse

195 3240 397 3256 -ῄῃ

259 3324 278 3388 ¹)
296 3329 334 3378 sic
351 3329 425 3382 Bw
455 3334 566 3401 Theopb.
586 3344 627 3392 ed.
646 3345 697 3396 Kr.
727 3349 845 3416 denique
864 3357 890 3406 Α
910 3361 985 3410 codd.
1013 3361 1088 3424 infer·
1112 3353 1146 3404 ed·

190 3387 264 3440 Scbr.
334 3394 354 3458 ²)
369 3415 412 3462 pr.
431 3400 455 3461 ἕ.
476 3405 500 3454 1.
519 3425 553 3446 ==
570 3408 604 3458 L.
623 3413 665 3462 36.
684 3415 718 3464 D.
743 3419 774 3468 de
792 3425 855 3488 vulp.
881 3432 906 3474 et
927 3443 992 3492 pup.
1012 3429 1061 3493 (28,
1079 3423 1102 3488 θ)
1118 3435 1148 3472 2³³

190 3455 322 3511 Marciani
340 3467 356 3513 l.
374 3468 391 3516 4
408 3469 487 3519 instit.
