2484 3916
185 173 206 236 8
514 186 549 222 ns
569 185 735 224 rassermis
754 175 777 236 1,
795 175 820 224 ὁ.

186 331 339 404 quaesitum
355 338 412 402 cst,
429 331 452 385 si
468 329 563 386 anciila
578 345 732 404 praegnans
747 332 913 386 manumissa
931 331 987 400 sit,
1009 328 1103 384 ricinis
1116 346 1154 384 an·

185 413 245 470 cilia
261 421 358 488 postea
372 413 444 470 iacta
459 414 581 488 peperit,
603 412 718 470 liberum
740 431 773 470 an
794 429 903 470 servum
927 413 1038 488 pariat?
1059 422 1086 468 ct
1099 412 1154 467 ilar·

185 497 270 554 cetius
292 496 405 572 probat,
428 496 542 554 liberum
563 497 650 554 nasci:
673 495 775 554 snificit
795 501 865 555 enim
882 500 925 568 ei,
950 499 1002 571 qui
1023 498 1053 552 in
1072 504 1158 552 ventre

185 589 244 652 cst,
265 581 376 639 liberam
399 589 511 639 matrem
538 582 581 638 vei
602 581 691 638 medio
719 589 844 657 tempore
869 582 1023 640 babuisse:
1050 579 1120 655 qnod
1138 591 1159 635 et

152 675 164 724 1
185 683 277 722 verum
293 673 345 722 est.
376 665 443 724 Cum
458 675 547 723 antem
563 668 699 741 ingenuus
720 667 818 740 aliquis
834 675 914 724 natus
931 669 990 738 sit,
1014 682 1072 722 non
1088 662 1161 720 oibcit

185 749 223 806 iili
238 753 266 808 in
281 753 415 809 servitute
430 752 515 808 inisse
530 759 557 807 ct
572 759 668 824 postea
688 754 883 808 manumissum
903 768 989 808 asse:
1014 751 1163 824 saepissime
1207 743 1208 746 ’

186 837 257 892 enim
273 838 454 894 constitutum
470 843 526 906 est,
542 833 674 891 natalibus
689 851 746 892 non
761 835 873 894 officere
888 836 1145 893 manumissionem.
1206 843 1208 852 ⁴

621 1033 678 1074 mo.
692 1032 719 1074 V.

526 1118 578 1170 oa
594 1099 818 1170 nlosnrnus'

135 1275 170 1316 er.
255 1251 406 1314 ¹bibertini
427 1267 507 1330 sunt,
535 1260 581 1333 qni
602 1275 635 1315 ex
661 1261 732 1314 iusta
751 1260 885 1316 servitute
906 1259 1080 1316 manumissi
1100 1264 1163 1311 sunt.
1206 1329 1208 1340 ,

187 1335 384 1400 '²ttanumtssi0
400 1351 490 1400 antam
511 1351 553 1400 cst
568 1343 641 1399 datio
665 1342 813 1400 libertatis:
833 1359 896 1400 nam
911 1343 1054 1418 quamdiu
1069 1343 1126 1415 quis
1139 1341 1159 1394 in

187 1429 318 1485 servitute
333 1437 390 1499 est,
412 1429 502 1484 matini
523 1437 551 1485 et
565 1429 695 1503 potestati
714 1429 874 1502 suppositus
890 1439 951 1500 cst,
973 1438 1006 1486 et
1023 1426 1161 1483 manumis-

188 1529 235 1568 sns
257 1512 386 1570 liberatur
405 1521 550 1588 potestate.
591 1529 660 1587 quac
684 1529 729 1570 res
756 1514 851 1568 aime
878 1516 1009 1587 gentium
1032 1512 1158 1584 originem

188 1599 323 1672 sumpsit,
346 1607 442 1671 utpote
463 1615 523 1654 cnm
543 1601 603 1654 iure
624 1597 740 1654 naturali
760 1613 854 1654 omncs
881 1597 961 1654 liberi
982 1603 1159 1654 nascerentur
1207 1651 1208 1656 η

188 1697 238 1736 ricc
253 1690 325 1736 essct
340 1689 404 1736 ncta
425 1683 615 1751 manumissio,
636 1697 697 1738 cum
713 1684 830 1738 servitus
845 1691 919 1738 esset
934 1683 1100 1758 incognita:
1118 1674 1156 1732 sed

187 1771 364 1838 posteaquam
379 1765 437 1818 inre
453 1765 576 1838 gentium
591 1766 708 1820 servitus
724 1763 836 1830 invasit,
857 1775 983 1824 secutum
1001 1775 1049 1824 cst
1064 1759 1155 1821 beneb-

187 1849 257 1904 oinm
277 1847 504 1904 manumissionis.
546 1857 573 1904 ct
595 1865 656 1905 cnm
683 1865 738 1905 uno
766 1851 882 1908 naturali
902 1853 1016 1910 nominc
1040 1850 1155 1908 hominos

187 1930 398 2006 appellaremus,
420 1933 479 1988 iurc
500 1935 623 2009 gentium
644 1934 695 1989 tria
710 1951 812 2008 genera
827 1936 967 1992 bominum
983 1953 1051 1993 csse
1067 1946 1154 2004 coope-
1206 1961 1207 2002 ς

187 2023 266 2088 runt,
287 2015 364 2073 liberi
379 2026 406 2074 ct
421 2017 462 2074 bis
477 2021 643 2076 contrarium
664 2021 735 2076 servi
751 2027 778 2076 ct
795 2022 906 2076 tertium
921 2037 1012 2095 genus
1029 2015 1153 2082 libertini,

155 2106 167 2154 1
188 2101 234 2176 qui
249 2099 386 2160 desierant
401 2119 461 2160 csse
476 2107 557 2162 servi.
595 2104 685 2161 blnltis
697 2112 786 2160 autem
802 2103 891 2160 mosiis
902 2106 1084 2162 manumissio
1097 2115 1151 2176 prt-

187 2186 273 2244 cedit:
288 2197 335 2244 aut
350 2191 420 2246 onim
436 2205 468 2246 er
484 2193 566 2246 sacris
578 2187 818 2246 constitutionibus
833 2190 861 2244 in
876 2192 1060 2248 sacrosanctis
1076 2184 1151 2244 eccle·

187 2275 234 2328 siis
260 2281 307 2326 aut
326 2273 443 2329 vindicta
467 2285 513 2330 aut
538 2277 609 2330 inter
634 2275 732 2329 amicos
748 2279 795 2328 aut
814 2289 865 2348 par
884 2275 1032 2347 epistulam
1049 2281 1097 2330 aut
1108 2283 1153 2343 pet
1205 2273 1206 2280 ’

187 2363 378 2412 tastamentum
393 2365 439 2412 aot
460 2357 537 2413 aliam
553 2355 698 2430 quamlibet
721 2357 839 2414 ultimam
855 2359 1035 2417 voluntatem.
1067 2355 1114 2413 sed
1127 2359 1151 2406 et

188 2439 245 2494 aliis
260 2438 353 2494 multis
369 2440 456 2496 modis
471 2440 581 2497 libertas
597 2457 676 2496 servo
693 2450 848 2516 competere
863 2451 973 2516 potest,
990 2447 1038 2518 qni
1055 2451 1108 2499 tarn
1122 2452 1149 2492 ci

152 2527 168 2576 2
187 2521 322 2578 veteribus
339 2539 418 2598 qnam
430 2526 531 2580 nostris
544 2525 786 2583 constitutionibus
797 2527 947 2584 introducti
958 2538 1035 2586 sunt.
1060 2521 1148 2582 ³Scrvi
1204 2579 1205 2602 ,

187 2623 252 2664 vcro
268 2623 283 2663 a
298 2608 413 2666 dominis
428 2626 537 2683 semper·
552 2613 704 2668 manumitti
720 2612 821 2682 solent,
837 2612 904 2668 adeo
920 2621 951 2669 nt
966 2614 1008 2669 vel
1024 2617 1052 2670 in
1070 2621 1149 2668 trans·

188 2695 228 2750 itu
253 2696 491 2767 manumittantur,
523 2695 607 2751 veluti
639 2713 699 2752 cum
725 2705 834 2770 praetor
865 2705 911 2752 ant
936 2697 1088 2772 proconsul
1108 2699 1146 2748 ant

187 2795 296 2852 praeses
312 2780 340 2836 in
355 2779 479 2836 baiocum
494 2780 536 2837 vel
551 2782 578 2836 in
595 2781 730 2838 theatrum
745 2789 798 2837 cat.

152 2863 169 2910 3
252 2859 468 2920 ⁴Libcrtinornm
483 2874 573 2922 autem
593 2873 681 2922 status
698 2867 848 2940 tripertitus
869 2874 948 2922 antea
968 2866 1072 2923 inerat:
1093 2877 1147 2920 nam

188 2948 234 3020 qui
260 2948 538 3022 manumittebantur,
565 2951 646 3008 modo
672 2952 799 3006 maiorem
825 2959 853 3007 et
878 2953 977 3010 iustam
1004 2951 1144 3008 libertatem

187 3031 423 3106 consequebantur
448 3043 476 3092 et
497 3033 595 3092 fiebant
621 3038 691 3092 cives
712 3033 837 3100 Romani,
866 3036 947 3092 niodo
974 3037 1145 3094 minorans

187 3117 274 3172 Latini
306 3135 338 3173 cr
358 3117 420 3193 iege
452 3119 528 3177 lunia
548 3119 671 3176 Norbana
698 3117 812 3185 fiebant,
839 3121 919 3177 modo
944 3120 1097 3178 inferiorem
1120 3122 1143 3170 ei
1202 3117 1203 3120 ’

187 3253 226 3260 -u—

257 3334 276 3402 ¹)
295 3335 553 3392 init.=6ai.1,11.
573 3335 605 3385 L.
619 3337 643 3384 6.
663 3336 695 3388 D.
715 3337 747 3384 de
764 3343 833 3385 stata
851 3337 915 3388 bom.
934 3334 969 3400 (1,
988 3336 1026 3400 ὅ).
1059 3334 1080 3400 ²)
1090 3336 1139 3397 fere

185 3403 267 3452 εἰ.
284 3407 309 3455 4.
329 3403 362 3456 D.
381 3405 413 3452 de
430 3403 509 3454 instit.
529 3400 567 3466 (1,
588 3398 613 3466 1)
637 3415 672 3451 eac
692 3401 750 3465 Ulp.
770 3406 787 3454 l.
807 3406 821 3451 1
840 3403 919 3455 instit.
989 3401 1010 3468 ³)
1028 3403 1074 3452 Ecc
1091 3401 1139 3452 Gai.
1201 3411 1202 3418 ¹

187 3471 210 3524 1,
229 3471 271 3520 20.
341 3467 364 3533 ⁴)
382 3469 424 3530 Cf.
445 3469 501 3520 Gai.
520 3472 543 3523 1,
563 3469 603 3516 12,
