2484 3916
234 245 276 310 36
513 258 550 294 oe
570 257 665 293 neuun
684 256 832 293 orv1s1oar
851 240 887 302 ΙΙ,
908 242 930 293 1.

203 414 216 460 1
301 401 334 456 Et
350 400 458 475 quidem
474 400 588 456 naturali
603 401 661 456 iure
677 400 829 455 communia
843 403 908 453 sunl
923 397 1048 453 omnium
1065 397 1156 452 baec:
1180 413 1230 451 aer

237 494 266 543 et
281 503 349 559 aqua
364 485 504 560 profluens
526 493 554 540 et
569 499 642 539 mare
657 492 686 540 et
700 500 749 557 per
769 484 821 540 boc
835 482 917 538 litora
931 483 1026 537 maris.
1065 495 1157 536 nemo
1174 481 1230 554 igi·

238 579 283 626 tur
298 570 331 625 ad
350 569 414 626 litus
436 570 516 625 maris
537 568 663 624 accedere
688 565 864 642 prohibetur,
890 565 955 622 dum
978 573 1072 622 tamen
1095 565 1176 622 villis
1201 575 1228 620 et

238 656 419 711 monumentis
435 661 463 710 et
477 651 604 710 aedificiis
615 651 758 724 abstineat,
773 653 835 726 quia
847 667 902 709 uon
913 658 979 707 sunt
993 652 1065 706 iuris
1077 653 1226 724 gentium,

203 742 308 796 tsicut
323 747 351 794 et
365 755 447 794 mare.
478 737 601 794 Flumina
621 744 713 793 autem
733 737 822 792 omnia
842 744 869 797 et
890 742 989 810 portus
1004 735 1120 810 publica
1140 743 1226 790 sunt:

237 823 353 898 ideoque
368 825 410 878 ius
425 821 546 896 piscandi
562 820 686 877 omnibus
701 835 844 877 commune
859 828 902 876 ert
915 820 943 876 in
954 812 1111 893 portibus¹
1131 819 1227 876 litami-

203 917 218 966 3
238 908 380 981 nibusque.
418 906 466 962 Est
486 913 575 960 autem
597 903 777 976 limonario,
799 913 933 979 quatenus
954 904 1091 962 hibernus
1116 903 1225 962 fluctus

202 1003 219 1049 4
237 994 367 1048 maximus
388 991 516 1046 excurrit.
547 981 693 1062 ²Riparum
715 1005 825 1063 quoque
845 1005 912 1044 usus
932 987 1061 1062 publicus
1084 998 1133 1046 est
1154 991 1225 1045 iuris

237 1077 376 1152 gentium,
391 1076 462 1130 sicut
477 1074 562 1148 ipsius
578 1071 709 1130 fluminis:
728 1075 819 1148 itaque
835 1089 929 1130 navem
948 1071 981 1128 ad
997 1089 1043 1129 eas
1060 1073 1223 1148 appellere.

237 1161 315 1214 iunes
331 1176 364 1214 er
379 1157 519 1214 arboribus
535 1156 570 1214 ibi
585 1159 654 1214 natis
669 1158 802 1232 religare,
824 1175 893 1214 onus
909 1157 1011 1231 aliquid
1026 1160 1055 1214 io
1073 1158 1121 1214 his
1138 1175 1224 1232 repo·

236 1260 301 1300 nere
323 1243 433 1300 cuilibet
455 1241 569 1298 liberum
590 1250 648 1314 est,
669 1244 749 1298 sicuti
769 1243 929 1316 peripsum
950 1241 1056 1298 flumen
1073 1246 1223 1318 navigare.

236 1327 284 1383 sed
304 1329 457 1402 proprietas
478 1343 570 1382 earum
590 1325 698 1382 illorum
720 1334 778 1397 est,
796 1325 920 1400 ‘quorum
941 1325 1061 1401 praediis
1083 1328 1223 1384 haerent:

237 1411 338 1485 quade
353 1429 431 1468 causa
448 1410 558 1468 arbores
579 1427 690 1484 quoque
710 1412 737 1466 in
757 1410 851 1466 iisdem
866 1417 944 1467 natae
965 1411 1125 1468 eorundem
1142 1423 1221 1468 sunt.

204 1499 220 1548 5
237 1495 360 1552 Litorum
376 1511 485 1571 quoque
501 1512 567 1551 usus
582 1495 706 1568 publicus
726 1497 793 1550 iuris
808 1497 931 1570 gentium
947 1504 1007 1567 est,
1029 1498 1106 1552 sicut
1130 1499 1221 1572 ipsius

238 1582 332 1636 maris:
355 1589 383 1637 et
405 1580 439 1636 ob
461 1581 488 1635 id
510 1578 675 1653 quibuslibet
696 1578 810 1635 liberum
826 1588 884 1651 est,
900 1597 987 1637 casam
1004 1579 1041 1636 ihi
1056 1582 1220 1656 imponere.

237 1666 264 1718 in
280 1681 333 1736 qua
353 1682 383 1720 se
398 1665 544 1736 recipiant,
565 1665 634 1718 sicut
654 1664 722 1719 retia
741 1665 842 1719 siccare
863 1673 891 1719 et
912 1681 945 1720 en
966 1681 1040 1720 mare
1063 1665 1220 1724 deducere.

236 1747 389 1820 proprietas
405 1755 494 1802 autem
510 1763 606 1802 eorum
620 1753 712 1820 potest
727 1747 849 1822 intellegi
865 1748 965 1805 nullius
982 1765 1056 1821 esse,
1072 1751 1125 1806 sed
1142 1753 1219 1808 eius-

237 1830 298 1885 dem
314 1831 380 1886 iuris
396 1847 467 1901 esse,
483 1832 558 1886 cuius
575 1838 602 1885 et
617 1846 689 1886 mare
705 1838 732 1886 et
745 1848 812 1905 quae
827 1831 967 1889 subiacent
982 1836 1061 1907 mari,
1078 1843 1160 1892 terra
1178 1839 1220 1893 vel

236 1914 344 1970 harena.

203 2019 220 2068 6
303 1990 506 2055 3Universitatis
522 2006 601 2070 sunt,
617 2015 673 2055 non
688 2000 869 2074 singulorum,
885 2001 970 2058 veluti
985 2020 1056 2077 quae
1071 2005 1104 2060 in
1120 2007 1220 2063 civita-

237 2082 308 2139 tibus
324 2093 389 2139 sunt
404 2077 542 2155 ⁴tbeatra,
563 2083 648 2139 stadia
670 2093 697 2140 et
716 2084 813 2140 similia
827 2093 855 2141 et
870 2087 892 2142 si
914 2103 967 2160 qua
987 2088 1039 2144 alia
1054 2099 1124 2146 sunt
1140 2109 1220 2148 com-
1239 2095 1240 2123 ¹

236 2169 326 2224 munia
340 2169 495 2224 civitatium.
1238 2169 1239 2205 l

203 2271 218 2318 7
300 2251 404 2308 Nullius
421 2260 511 2308 autem
523 2259 588 2307 sunt
603 2269 646 2308 res
658 2267 748 2308 sacrae
760 2261 787 2308 et
798 2253 942 2328 religiosae
954 2264 981 2312 et
993 2265 1122 2314 sanctae:
1139 2264 1220 2335 qnod
1237 2239 1238 2290 ¹

202 2338 218 2386 8
238 2336 309 2390 enim
324 2335 406 2390 divini
420 2337 486 2390 iuris
502 2344 554 2406 est,
570 2334 597 2391 id
613 2335 713 2392 nullius
728 2338 755 2394 in
770 2336 849 2394 bonis
866 2348 917 2396 est.
948 2339 1029 2397 Sacra
1046 2353 1127 2416 sunt,
1145 2331 1237 2420 quael

237 2419 288 2472 rite
303 2425 331 2474 et
345 2434 394 2491 per
407 2417 551 2492 pontifices
567 2419 622 2475 ileo
638 2429 795 2477 consecrata
809 2432 889 2495 sunt,
910 2424 995 2480 veluti
1016 2426 1101 2484 aedes
1119 2447 1220 2488 sacrae

236 2509 264 2557 et
279 2501 360 2573 dona,
376 2519 444 2576 quae
458 2504 511 2559 rite
526 2502 558 2558 ad
570 2505 748 2560 ministerium
760 2506 805 2562 llei
817 2505 939 2566 dedicata
952 2519 1029 2582 sunt,
1046 2525 1120 2586 quae
1131 2518 1220 2572 etiam

235 2602 285 2660 per
299 2593 418 2642 nostram
435 2582 677 2645 constitutionem⁵
700 2589 810 2646 alienari
830 2601 858 2648 et
873 2591 988 2668 obligari
1003 2595 1208 2669 prohibuimus

236 2679 347 2744 excepta
362 2687 442 2727 causa
462 2671 655 2746 redemptionis
676 2675 850 2748 captivorum.
880 2679 903 2732 si
924 2680 985 2752 quis
1006 2697 1072 2736 vero
1091 2689 1207 2741 auctori

238 2763 291 2810 tate
305 2773 354 2811 sua
370 2758 446 2830 quasi
467 2773 571 2812 sacrum
592 2757 642 2814 sibi
663 2761 851 2832 constituerit,
871 2779 979 2818 sacrum
999 2781 1058 2821 nou
1081 2776 1144 2841 est,
1169 2789 1210 2826 se

236 2839 389 2920 profanum.
426 2841 504 2898 locus
519 2849 624 2914 autem,
645 2845 672 2900 in
688 2860 742 2917 quo
758 2861 848 2902 sacrae
863 2847 943 2904 aedes
958 2848 1120 2908 aedificatae
1136 2866 1207 2912 sunt

236 2925 314 2979 etiam
336 2923 427 2982 diruto
449 2923 586 2999 aedificio,
612 2927 699 2984 adhue
718 2945 794 2984 sacer
814 2939 920 3003 manet,
943 2941 973 2988 ut
993 2941 1022 2989 et
1042 2933 1203 3010 Papiniano

202 3011 218 3058 9
236 3009 353 3082 scripsit.
384 3003 569 3088 ⁰Religiosum
589 3011 680 3070 locum
702 3015 888 3088 unusquisque
909 3033 958 3072 sua
974 3018 1120 3077 voluntate
1139 3023 1205 3080 lacit

305 3189 323 3255 ¹)
341 3195 444 3260 scripsi.
464 3187 556 3262 λιμέσι
576 3195 688 3261 Tbeoplr.
712 3201 793 3262 portu
811 3199 887 3250 codd·
906 3200 967 3249 edd.
1057 3199 1079 3263 ²)
1098 3204 1162 3265 sere
1213 3249 1215 3251 .

235 3257 268 3305 L.
287 3261 315 3309 2.
332 3262 365 3310 Il.
384 3265 417 3314 de
435 3265 485 3315 dio.
503 3280 557 3315 rer.
577 3264 612 3328 (1,
625 3263 651 3328 8)
669 3281 704 3316 eac
717 3265 776 3316 Gaii
791 3267 838 3318 ta
856 3281 910 3320 rer.
927 3271 996 3332 quot.
1052 3267 1074 3334 ³)
1090 3275 1206 3324 =.L,6

235 3325 258 3384 §.
279 3329 417 3382 linteo.
442 3335 474 3383 de
493 3335 543 3384 dio.
565 3347 620 3383 rer.
644 3331 678 3398 (i,
696 3332 723 3396 8)
745 3348 782 3383 ece
803 3334 937 3384 Marciani
957 3337 974 3386 l.
993 3338 1010 3386 3
1028 3337 1115 3388 instit.
1191 3339 1203 3374 ⁴

235 3397 265 3442 ut
283 3397 380 3447 addunt
402 3402 477 3451 codd.
505 3401 563 3452 edd.
587 3400 661 3452 Scir.
686 3409 711 3450 et
728 3401 779 3453 Kr.
806 3407 928 3466 ipuorant
956 3402 1072 3468 Tbeopb.
1102 3415 1128 3457 et
1154 3411 1207 3474 Diq

236 3458 255 3520 5)
274 3462 307 3511 L.
326 3465 368 3518 21.
387 3467 415 3518 0.
434 3471 466 3520 cle
483 3484 584 3520 sacros.
603 3471 665 3518 ecci.
684 3469 718 3532 (1,
738 3463 776 3534 2).
845 3467 865 3530 8)
882 3472 977 3535 partim
996 3491 1032 3514 a·
1050 3473 1086 3525 L.
1101 3477 1126 3528 6.
1148 3477 1163 3538 ξ

236 3527 269 3581 D.
288 3533 320 3582 de
338 3535 388 3587 dio.
406 3552 460 3590 rer.
482 3535 518 3603 (1,
537 3535 563 3598 8)
582 3551 617 3586 erc
634 3535 720 3588 More,
739 3537 755 3585 l.
775 3552 797 3586 c.
