2464 3916
107 261 139 292 nn
157 257 401 306 oocroamosmce,
421 259 495 301 Quas
514 259 550 294 sx
568 259 690 294 nsnrcro
710 259 877 294 suscensus
896 243 945 306 tv,
965 247 987 295 t.
1006 241 1067 306 159

107 399 193 454 utendi
211 401 340 473 percipit,
360 399 486 455 similiter
508 417 619 457 necesse
641 399 723 456 babet
747 401 896 458 custodiam
919 409 1065 474 praestare.

107 484 150 539 sed
164 491 255 539 nostra
269 483 436 556 providentia
458 486 538 540 etiam
554 486 606 540 hoc
621 487 649 540 in
664 484 845 540 decisionibus
859 487 962 541 nostris
977 502 1068 541 emen·

106 568 185 639 davit,
208 562 256 623 ¹ut
276 569 304 622 in
325 568 427 624 domini
447 570 483 624 sit
503 570 659 640 voluntate,
680 571 737 624 sive
752 570 913 626 commodati
933 571 1067 626 actionem

106 652 224 708 adversus
240 669 311 722 eum,
327 654 374 725 qui
389 669 447 710 rem
462 653 658 710 commodatam
672 655 786 726 accepit,
798 671 906 710 movere
921 654 1067 726 desiderat,

105 738 155 792 sive
169 737 232 792 furti
246 737 374 792 adversus
390 753 469 810 cum,
485 740 603 811 quirem
618 737 771 811 subripuit,
787 746 815 794 et
829 738 960 794 alterutra
975 755 1067 794 earum

105 821 197 892 electa,
218 821 357 876 dominum
378 838 434 878 non
455 839 537 896 posse
557 840 590 878 er
610 823 778 896 poenitentia
797 822 830 878 ad
851 822 961 878 atteram
976 825 1067 879 venire

105 907 238 961 actionem.
269 905 317 961 sed
332 907 356 962 si
371 905 480 980 quidem
495 907 584 962 iurem
600 907 731 980 elegerit,
745 907 838 979 illum,
855 908 901 980 qui
916 923 974 962 rem
989 915 1067 962 uten-

105 989 158 1045 dam
177 991 293 1063 accepit,
313 992 422 1064 penitus
442 991 559 1048 liberari.
600 993 643 1046 siu
663 997 753 1046 autem
773 991 960 1048 commodatur
979 993 1069 1047 veniat

105 1073 221 1130 adversus
233 1091 307 1146 eum,
319 1077 434 1148 quirem
446 1076 572 1132 utendam
584 1077 697 1150 accepit,
712 1077 764 1150 ipsi
777 1076 886 1150 quidem
898 1075 1067 1132 nullomodo

105 1167 250 1234 competere
270 1177 353 1232 posse
374 1159 502 1216 adversus
523 1160 611 1216 iurem
631 1159 699 1216 furti
718 1162 868 1234 actionem,
889 1176 950 1216 eum
966 1169 1067 1231 autem,

17 1243 18 1246 ’
106 1245 146 1314 qui
159 1261 205 1317 pro
220 1260 251 1299 re
267 1243 435 1300 commodata
449 1247 625 1316 convenitur,
647 1261 729 1318 posse
749 1245 878 1301 adversus
899 1245 986 1300 iurem
1003 1245 1068 1300 furti

17 1337 19 1410 ὲ
107 1325 193 1384 habere
206 1329 352 1400 actionem,
367 1330 405 1384 ita
420 1337 521 1401 tamen,
536 1332 559 1385 si
571 1330 697 1385 dominus
711 1331 810 1401 sciens,
825 1346 884 1385 rem
898 1345 959 1385 esse
974 1329 1067 1386 subre-

17 1413 19 1466 ἑ
104 1417 178 1483 ptam,
188 1413 317 1468 adversus
328 1430 400 1485 eum,
412 1415 455 1470 cui
465 1431 509 1469 res
516 1414 685 1470 commodata
697 1414 760 1486 tuit,
772 1415 909 1488 pervenit:
922 1416 1066 1470 sinautem

17 1491 19 1540 Ῑ
103 1497 199 1552 nescius
214 1505 245 1552 et
259 1497 396 1568 dubitans,
411 1515 469 1554 rem
484 1516 541 1554 uon
556 1515 615 1554 esse
631 1498 702 1572 apud
717 1515 790 1570 eum,
805 1498 969 1554 commodati
984 1499 1067 1553 actio·
1148 1497 1151 1504 ‘

103 1595 157 1636 uem
170 1582 301 1653 instituit,
316 1591 411 1656 postea
426 1592 526 1654 autem,
541 1600 571 1638 re
586 1590 736 1656 comperta,
752 1583 838 1638 voluit
852 1584 992 1639 remittere
1008 1583 1068 1655 qui-

103 1663 156 1720 dem
171 1667 334 1722 commodati
349 1669 494 1739 actionem,
510 1667 543 1722 ad
558 1666 625 1722 forti
636 1675 725 1723 autem
737 1669 888 1740 pervenire,
905 1674 971 1722 tunc
984 1666 1068 1722 liceu-

16 1817 17 1822 ,
102 1749 134 1804 tia
147 1751 169 1806 ei
184 1751 350 1807 concedatur
364 1759 392 1807 et
408 1752 536 1808 adversus
556 1752 644 1808 iurem
659 1753 767 1824 venire,
787 1751 865 1808 nullo
887 1749 1027 1808 obstaculo
1043 1753 1067 1807 ei

16 1847 18 1910 ς
102 1835 275 1907 opponendo,
292 1838 418 1909 quoniam
433 1839 553 1892 incertus
568 1838 735 1893 constitutus
750 1838 836 1892 movit
850 1835 978 1892 adversus
994 1852 1067 1906 eum,

102 1919 210 1992 quirem
228 1920 355 1976 utendam
371 1923 484 1994 accepit,
500 1921 662 1977 commodati
677 1923 810 1977 actionem
831 1919 893 1992 (nisi
909 1920 1019 1977 domino
1035 1919 1067 1975 ab

101 2019 131 2057 eo
150 2005 317 2060 satisfactum
339 2016 394 2061 est:
422 2014 488 2062 tunc
507 2007 607 2060 etenim
630 2006 786 2060 omnimodo
813 2005 900 2060 iurem
921 2022 936 2059 a
957 2004 1067 2060 domino

101 2087 201 2159 quidem
218 2089 285 2144 furti
300 2091 405 2146 actione
419 2090 537 2162 liberari,
548 2090 721 2162 suppositum
730 2096 819 2143 autem
833 2103 893 2144 esse
908 2089 944 2158 ei,
960 2089 1006 2160 qui
1017 2103 1067 2160 pro

99 2187 126 2226 re
139 2171 188 2228 sibi
203 2174 372 2230 commodata
388 2174 498 2230 domino
513 2171 665 2245 satisfecit),
681 2189 741 2228 cum
754 2172 999 2228 manifestissimum
1015 2178 1067 2241 est,

100 2257 174 2312 etiam
194 2260 217 2313 si
233 2257 265 2312 ab
279 2259 357 2314 initio
372 2259 499 2314 dominus
520 2259 653 2313 actionem
674 2257 792 2312 instituit
807 2255 970 2312 commodati
991 2257 1067 2328 igna-

99 2356 153 2412 rus,
168 2359 226 2397 rem
241 2357 301 2397 esse
316 2341 482 2416 subreptam,
497 2349 594 2416 postea
609 2349 709 2413 autem,
729 2341 821 2396 bocci
837 2340 959 2414 cognito,
975 2339 1067 2396 adver·

15 2479 16 2482 ,
99 2441 143 2480 sus
158 2425 246 2481 iurem
262 2428 400 2498 transivit,
422 2426 576 2482 omnimodo
592 2425 700 2482 liberari
715 2441 793 2497 eum,
815 2426 934 2498 quirem
949 2440 1067 2480 commo-

100 2508 183 2568 datam
204 2512 322 2584 accepit,
345 2527 542 2584 quemcumque
563 2527 659 2566 causae
679 2512 780 2566 exitum
796 2509 921 2566 dominus
938 2509 1066 2565 adversus

99 2593 183 2650 furem
198 2593 336 2650 habuerit:
353 2594 443 2650 eadem
456 2593 613 2651 defiuitione
626 2595 775 2666 obtinente,
788 2595 844 2650 sive
859 2595 886 2649 in
897 2601 1001 2668 partem
1012 2595 1069 2648 sive

97 2678 124 2732 in
139 2679 255 2735 solidum
268 2679 398 2735 solvendo
414 2681 450 2735 sit
468 2681 502 2750 is,
515 2681 562 2753 qui
576 2695 633 2734 rem
646 2679 841 2735 commodatam
854 2679 966 2750 accepit.
997 2670 1167 2742 ²Scd(1o)rr

98 2763 129 2832 is,
150 2764 222 2836 apud
243 2780 323 2836 quem
343 2779 388 2820 res
409 2763 531 2838 deposita
546 2771 604 2834 est,
629 2764 779 2819 custodiam
795 2779 850 2818 non
865 2768 1000 2834 praestat,
1021 2761 1069 2816 sed

99 2855 204 2904 tantum
219 2849 247 2904 in
263 2865 295 2903 eo
312 2847 446 2904 obnoxius
462 2857 514 2920 est,
529 2850 552 2903 si
568 2847 633 2921 quid
647 2849 705 2921 ipse
720 2847 785 2903 dolo
800 2846 870 2902 malo
886 2845 994 2902 iecerit:
1016 2861 1070 2918 qua

99 2930 130 2987 de
145 2948 225 2987 causa
241 2934 264 2988 si
279 2949 322 2987 res
334 2933 359 2987 ei
374 2932 502 3007 subrepta
517 2932 610 3003 suerit,
623 2933 686 3005 quia
697 2931 880 2988 restituendae
892 2931 950 2986 eius
960 2931 1069 2987 nomine

98 3015 214 3089 depositi
228 3034 284 3072 non
301 3023 409 3073 tenetur
423 3034 474 3073 nec
488 3016 522 3073 ob
543 3017 571 3072 id
586 3018 644 3072 eius
659 3017 789 3088 interest,
810 3032 868 3072 rem
884 3015 983 3071 salvam
998 3031 1068 3086 esse,

98 3099 163 3156 furti
179 3118 260 3176 agere
280 3118 336 3158 nou
357 3109 465 3175 potest,
487 3101 535 3157 sed
556 3100 622 3156 iurti
644 3103 714 3156 actio
735 3101 846 3158 domino
868 3100 1007 3173 competit.
1038 3098 1165 3175 ln(20)18

98 3201 201 3241 summa
216 3186 354 3242 sciendum
369 3194 422 3257 est,
438 3187 588 3259 quaesitum
604 3201 679 3256 esse,
701 3201 734 3241 an
749 3183 871 3259 impubes
886 3200 943 3239 rem
958 3183 1069 3239 alienam

100 3351 303 3359 --.-...-—-..-—-.-.

167 3465 187 3529 ¹)
203 3469 261 3531 fere
278 3489 313 3510 =
330 3469 363 3519 L.
383 3471 423 3539 22.
441 3469 482 3530 ἐξ.
502 3469 525 3517 1.
544 3469 569 3522 2.
587 3467 615 3518 0.
636 3470 668 3518 de
684 3468 749 3530 furt.
771 3462 807 3530 (6,
820 3463 856 3527 2).
926 3461 947 3527 Ξ)
966 3464 1005 3526 ἐξ.
1026 3465 1066 3514 17.

100 3535 131 3584 18
149 3555 183 3576 =
203 3537 258 3589 Gai.
278 3540 302 3595 3,
321 3538 379 3588 207.
400 3537 459 3587 208.
