2484 3916
183 159 228 223 24
448 173 485 207 on
505 171 615 208 carme
635 169 796 206 uruurroun
818 156 842 220 Ι,
868 157 909 206 16.

185 331 300 389 rumque
321 315 477 389 perimitur:
499 329 559 368 nam
580 312 706 385 adgnatio
726 312 793 366 iuris
810 319 856 366 est
874 325 989 368 nomen.
1027 315 1157 386 cognatio·

186 403 226 456 nis
252 416 317 455 vero
343 400 385 454 ius
413 413 469 453 non
495 393 618 453 omnibus
645 394 731 450 modis
758 403 967 467 commutatur,
996 398 1058 470 quia
1083 399 1158 453 civilis
1216 427 1218 488 p

186 485 254 540 ratio
276 482 364 540 civilia
385 481 494 555 quidem
517 482 575 535 iura
602 491 776 552 corrumpere
801 485 918 552 potest,
944 481 1078 536 naturalia
1102 499 1158 537 vero

185 585 241 624 non
256 569 360 640 utique.

603 758 659 798 rm.
672 758 735 798 xva.

448 863 497 912 DE
517 859 661 911 CAPITIS
678 859 901 911 MINUTIONE.

135 1015 171 1056 1³1.
277 981 342 1042 ¹Est
362 992 451 1041 atttem
474 984 565 1056 capitis
587 981 734 1038 deminutio
755 983 857 1056 prioris
873 991 966 1040 status
982 985 1155 1045 commutatio,

188 1087 273 1144 eaque
294 1069 380 1125 tribus
396 1066 483 1123 modia
498 1065 607 1122 accidit:
629 1081 689 1120 nam
710 1074 757 1121 aut
771 1069 888 1124 maxima
904 1076 948 1123 est
965 1069 1061 1141 cepitis
1082 1067 1154 1122 deni·

188 1157 266 1210 nutio
286 1161 332 1208 aut
348 1155 452 1222 minor,
474 1167 553 1224 quam
574 1148 681 1223 quidam
702 1150 815 1205 medinm
837 1159 956 1223 vocant,
978 1159 1026 1207 aut
1046 1153 1152 1206 minima.

156 1245 168 1292 1
188 1237 299 1292 Maxima
319 1245 361 1292 est
382 1236 476 1309 capitis
497 1234 662 1304 deminutio,
683 1249 745 1289 cum
765 1233 863 1307 aliquis
879 1235 966 1291 simul
982 1243 1011 1291 et
1031 1237 1152 1291 civitaten

189 1329 216 1377 et
236 1320 387 1376 libertatem
407 1319 513 1375 amittit.
550 1317 624 1391 quod
644 1316 739 1373 accidit
758 1319 786 1374 in
807 1319 866 1390 his,
896 1321 943 1394 qui
966 1321 1040 1376 servi
1060 1333 1153 1392 poenae

188 1402 344 1462 efficiuntur
358 1405 499 1460 atrocitate
514 1402 679 1472 sententiae,
700 1401 743 1456 vel
757 1400 847 1458 liberti
864 1412 896 1459 ut
912 1405 1017 1478 ingrati
1032 1405 1100 1459 eirea
1113 1419 1151 1474 pa·

189 1497 285 1544 monos
306 1487 493 1557 condemnati,
515 1485 556 1541 vel
578 1486 624 1558 qui
645 1484 678 1540 ad
696 1486 812 1558 pretium
832 1487 1053 1564 participandum
1072 1503 1101 1541 se
1114 1501 1151 1538 ve·

154 1572 310 1636 nnumdari
329 1573 401 1646 passi
422 1578 495 1626 sunt.
532 1569 619 1624 Minor
639 1569 695 1626 sive
715 1569 802 1624 media
821 1579 865 1626 est
887 1571 985 1646 capitis
1002 1571 1150 1638 deminutio,

188 1673 250 1710 curn
271 1657 362 1712 civitas
386 1655 492 1728 quidem
515 1653 662 1722 amittitur,
685 1651 793 1708 libertas
816 1671 880 1711 vero
903 1657 1049 1713 retinetur.
1085 1651 1149 1726 quod

189 1738 284 1793 accidit
305 1740 345 1808 ei,
366 1740 409 1794 cui
430 1753 498 1810 aqua
519 1743 546 1790 et
566 1737 623 1809 igni
638 1735 810 1792 interdictum
826 1737 928 1812 inerit,
949 1739 994 1796 vel
1010 1741 1049 1810 ei,
1072 1738 1149 1811 quiin

155 1835 170 1881 3
189 1820 302 1876 insulam
318 1821 476 1894 deportatus
492 1827 543 1875 est.
579 1818 685 1874 Minima
699 1821 793 1892 capitis
808 1821 962 1880 deminutio
979 1831 1038 1894 est,
1056 1837 1112 1878 eum
1126 1825 1148 1874 et

188 1905 280 1960 civitas
301 1912 329 1960 et
348 1903 458 1962 libertas
479 1905 627 1974 retinetur,
649 1903 697 1960 sed
717 1911 803 1960 status
825 1905 946 1965 hominis
967 1913 1147 1964 commutatur.
1216 1929 1217 1940 κ

190 1988 270 2060 quod
284 1988 380 2046 accidit
401 1991 428 2045 in
450 1990 507 2060 his,
535 1989 597 2062 qui,
619 1981 683 2043 cum
701 1989 743 2044 sui
766 1989 983 2064 innotuerunt,
1010 1993 1147 2064 coeperunt

154 2085 170 2130 4
188 2072 344 2130 attentiori
364 2073 478 2131 subiecti
493 2089 570 2144 esse,
591 2071 633 2128 vei
649 2079 751 2128 contra.
788 2072 887 2131 Servus
904 2085 997 2133 autem
1014 2073 1146 2130 manumis-

154 2167 170 2213 5
188 2171 235 2211 sus
257 2160 343 2234 capite
364 2175 419 2214 non
439 2159 583 2228 minuitur,
605 2156 790 2230 quianullum
811 2168 890 2232 caput
915 2161 1018 2218 hahuit.
1055 2155 1146 2226 Quibus

188 2249 277 2297 autem
293 2242 410 2316 dignitas
425 2244 510 2317 magis
526 2257 605 2315 quarn
619 2247 706 2296 status
727 2249 912 2316 permutatur,
934 2247 1022 2319 eapite
1038 2259 1091 2300 non
1104 2239 1145 2293 mi·

187 2334 322 2381 nuuntur:
339 2334 367 2381 et
381 2325 441 2381 ideo
457 2333 554 2382 senatu
569 2333 659 2380 motos
675 2325 761 2397 capite
776 2341 830 2381 non
847 2329 931 2385 minui
947 2337 1064 2386 constat.

153 2414 169 2461 6
252 2405 330 2475 Quod
350 2416 440 2464 autem
461 2410 563 2464 dietum
584 2416 643 2479 est,
663 2424 771 2464 manere
791 2413 965 2484 cognationis
985 2415 1028 2469 ius
1044 2419 1072 2468 et
1089 2413 1145 2482 post

187 2491 282 2561 capitis
298 2491 524 2564 deminutionem,
540 2493 593 2548 hoc
607 2494 643 2547 ita
659 2500 717 2563 est,
732 2493 755 2548 si
770 2495 877 2550 minima
892 2500 990 2572 capitis
1005 2492 1144 2553 deminutio

186 2571 363 2632 interveniat:
384 2585 474 2633 manet
495 2578 565 2633 enim
582 2577 719 2652 cognatio,
757 2595 816 2634 nam
832 2581 855 2634 si
870 2583 983 2638 maxima
999 2581 1091 2655 cepitis
1105 2576 1144 2630 de·

187 2656 303 2716 minutio
317 2663 452 2733 incurrat,
474 2662 515 2717 ius
532 2678 641 2736 quoqne
656 2663 826 2735 cognationis
841 2667 928 2738 perit,
946 2675 976 2722 ut
990 2674 1056 2740 pota
1070 2659 1143 2718 servi·

186 2745 247 2797 tute
269 2744 380 2802 alieuius
402 2748 525 2820 cognati,
552 2755 579 2803 et
599 2763 633 2802 nc
654 2745 779 2820 quidem,
805 2749 828 2803 si
850 2753 1030 2808 manumissus
1059 2745 1141 2810 fuerit,

185 2825 283 2898 recipit
298 2830 497 2904 cognationem.
533 2831 581 2888 sed
596 2839 624 2888 et
639 2832 662 2887 si
677 2832 704 2887 in
719 2831 833 2888 insulam
854 2832 1014 2908 deportatus
1031 2834 1088 2908 quis
1102 2829 1141 2897 sit,

152 2914 314 2980 toognatie
330 2913 454 2971 solvitur.
491 2910 574 2972 ²Cum
591 2923 681 2973 autem
702 2915 733 2972 ad
756 2916 889 2992 adgnatos
909 2921 993 2977 tutela
1007 2917 1142 2993 pertineat,

184 3003 241 3046 non
258 2997 339 3054 simul
360 2997 393 3053 ad
409 3016 501 3058 omnes
516 3004 651 3077 pertinet,
672 3001 720 3057 sed
740 3001 772 3056 ad
795 3019 842 3058 eos
858 3011 979 3076 tanturn,
1002 3005 1048 3078 qni
1061 2996 1142 3076 proti·

183 3071 290 3132 miore³
305 3082 390 3155 gradu
405 3094 484 3159 sunt,
499 3088 557 3161 vel,
573 3090 596 3145 si
611 3085 731 3144 eiusdem
746 3087 846 3161 gradus
860 3089 931 3161 sint,
947 3089 980 3145 ad
996 3101 1094 3146 omnes.

183 3204 388 3224 κὴ

254 3291 274 3355 1)
291 3314 334 3362 1³²⁸·
353 3299 393 3360 §5-
414 3303 441 3351 1·
452 3307 506 3357 ··3.
518 3325 552 3348 ·-·-·
566 3305 622 3356 Gai.
643 3308 666 3364 1,
687 3305 829 3356 loe-162.
886 3303 907 3366 ²)
929 3341 951 3356 ..
964 3340 971 3355 .
981 3300 1068 3370 gradu
1084 3293 1141 3346 eunt

182 3373 216 3396 ξ
238 3361 295 3442 ⁶5¹5·
316 3369 338 3424 ¹»
359 3369 415 3418 164·
484 3369 505 3434 ⁸)
522 3376 560 3426 eie
577 3373 602 3422 Ε
620 3380 646 3423 et
666 3373 778 3437 Theopd.
797 3373 840 3421 ed.
864 3371 937 3424 Scir.
965 3371 1084 3438 proximo
1108 3362 1141 3438 uel

182 3433 352 3484 rroxrmiore
364 3439 403 3486 oet
415 3439 593 3500 proximiores
611 3442 657 3492 aiii
667 3442 741 3492 codd.
754 3439 876 3503 proximo
895 3440 941 3503 (ece
953 3437 1028 3502 Gaio)
1046 3437 1085 3488 ed.
1098 3431 1141 3481 tr.
