2486 3916
386 257 422 291 na
441 255 649 292 anorrromaus
668 241 695 309 Ι,Ι
710 243 749 291 11.
1012 240 1050 304 17

83 407 202 474 ptumus.
240 396 358 470 Adoptio
374 404 464 452 antem
485 395 591 452 duobus
612 395 699 452 modis
721 395 767 468 lit,
789 405 835 452 aut
854 398 995 471 principali
1010 415 1053 454 re·
1071 406 1085 456 1

83 484 187 556 scripto
204 490 251 538 ant
271 482 384 555 imperio
406 481 589 554 magistratus.
627 482 797 555 imperatoris
812 483 973 538 auctoritate
988 483 1053 538 ado-

83 576 191 642 ptamus
219 581 266 622 eos
293 581 385 636 easve,
411 567 457 638 qui
479 582 580 639 quaeve
606 567 648 620 sni
668 566 733 620 iuris
754 573 827 622 sunt.
859 583 926 640 qnae
948 569 1052 640 species

84 651 241 724 adoptionis
263 649 362 705 dicitur
384 647 534 724 adrogatio.
565 651 678 722 imperio
699 651 872 724 magistratus
892 651 1052 724 adoptamus

84 751 244 808 eos-eosve,
261 735 308 808 qui
323 749 425 807 quaeve
445 735 473 789 in
493 731 631 808 potestate
650 735 802 807 parentium
822 743 901 806 sunt,
923 737 979 791 sive
998 738 1053 809 pri-

84 836 157 876 mum
175 819 289 893 gradum
303 817 451 880 liberorum
467 819 623 892 optineant,
644 817 731 892 qualis
752 826 795 874 est
819 817 890 874 filius
906 817 976 890 lilia,
996 821 1053 877 sive

84 903 260 975 inferiorem,
277 902 363 976 qualis
379 909 422 958 est
436 919 522 976 nepos
537 904 642 977 neptis,
658 919 796 976 pronepos
811 904 962 978 proneptis.
1000 905 1053 960 Sed
1071 907 1086 954 2

86 987 169 1044 hodie
185 1005 218 1044 ea
233 995 328 1044 nostra
342 981 575 1058 constitutione,¹
597 1003 657 1043 cnm
679 986 863 1044 filiusfamilias
885 1005 900 1043 a
915 995 992 1062 patre
1007 1005 1053 1044 na·

84 1071 168 1128 turali
183 1081 325 1128 extraneae
340 1087 474 1145 personae
492 1073 521 1127 in
536 1071 709 1145 adoptionem
725 1072 819 1144 datur,
835 1074 893 1128 iura
908 1075 1052 1146 potestatis

84 1157 216 1212 naturalis
231 1157 315 1230 patris
329 1157 438 1212 minime
459 1155 645 1212 dissolvuntur
664 1173 715 1213 nec
734 1156 880 1230 quidquam
901 1157 934 1212 ad
948 1165 1052 1231 patrem

6 1243 7 1246 ’
84 1241 243 1315 adoptivum
263 1241 362 1296 transit
382 1257 433 1296 nec
453 1242 480 1296 in
495 1249 631 1316 potestate
646 1242 704 1297 eius
720 1248 777 1312 est,
798 1241 862 1298 licet
877 1241 910 1298 ab
923 1243 1053 1298 intestato

84 1327 146 1380 iura
166 1326 346 1381 successionis
369 1326 393 1382 ei
408 1341 423 1380 a
438 1323 516 1382 nohis
532 1325 633 1382 tributa
653 1333 726 1380 sunt.
765 1326 867 1382 sivero
883 1333 960 1400 pater
976 1334 1053 1383 natu·

85 1410 152 1464 ralis
168 1427 222 1466 non
237 1418 382 1481 extraneo,
402 1409 451 1466 sed
466 1425 515 1464 avo
531 1408 577 1465 filii
592 1411 635 1466 sui
650 1418 788 1480 materno,
808 1410 852 1465 vel
866 1412 890 1465 si
903 1412 962 1484 ipse
977 1419 1055 1484 pater

86 1493 217 1550 staturalis
231 1493 315 1550 luerit
330 1495 528 1568 emancipatus,
551 1495 629 1550 etiam
649 1501 779 1568 paterno,
800 1493 843 1550 vel
857 1511 958 1567 proavo
974 1496 1055 1552 simili

85 1577 171 1634 modo
185 1587 297 1654 paterno
313 1578 355 1635 vel
371 1586 492 1634 materno
509 1577 593 1634 lilium
608 1594 687 1634 snum
703 1577 808 1633 dederit
822 1579 850 1632 in
866 1578 1053 1652 adoptionem:

85 1665 114 1718 in
130 1663 184 1720 hoc
199 1680 263 1719 casu
278 1665 341 1737 quia
359 1665 387 1718 in
403 1679 481 1718 unam
495 1679 640 1736 personam
660 1670 826 1719 concurrunt
842 1671 869 1719 et
880 1663 1011 1719 naturalia
1027 1671 1055 1720 et

85 1747 242 1820 adoptionis
257 1749 331 1818 iura,
356 1755 447 1804 manet
467 1747 563 1804 stabile
578 1749 620 1803 ius
635 1748 720 1822 patris
736 1747 869 1822 adoptivi,
897 1754 924 1803 et
939 1749 1054 1804 naturali

85 1831 196 1888 vinculo
213 1831 369 1906 copulatum
395 1839 422 1888 et
448 1831 570 1906 legitimo
593 1831 746 1906 adoptionis
767 1832 848 1888 modo
864 1835 1052 1904 constrictum,

86 1925 119 1972 ut
133 1925 162 1974 et
184 1917 212 1971 in
227 1915 325 1972 familia
340 1925 368 1972 et
388 1917 416 1971 in
437 1924 573 1989 potestate
594 1917 748 1972 huiusmodi
768 1919 853 1990 patris
875 1917 992 1991 adoptivi
1007 1920 1051 1974 sit.

85 2000 155 2056 Cum
171 2008 260 2056 autem
269 1999 391 2074 impubes
406 2017 456 2074 per
470 2001 617 2074 principale
629 2001 790 2073 rescriptum
801 2001 959 2075 adrogatur,
975 2019 1054 2058 causa
1072 2014 1087 2061 3

85 2086 200 2160 cognita
215 2084 355 2158 adrogatio
370 2086 537 2158 permittitur
551 2093 579 2140 et
599 2085 750 2158 exquiritur
764 2101 843 2140 causa
858 2085 1053 2159 adrogationis,

86 2187 122 2224 aa
136 2170 253 2226 honesta
268 2170 304 2224 sit
319 2169 496 2244 expediatque
517 2165 637 2242 pupillo,
658 2176 686 2224 et
706 2185 767 2223 cnm
789 2167 946 2241 quibusdam
963 2169 1055 2224 condi·

86 2253 213 2310 cionibns
236 2253 379 2328 adrogatio
400 2252 447 2326 fit,
473 2253 559 2310 idest
581 2260 611 2308 ut
636 2259 726 2308 caveat
752 2251 899 2326 adrogator
920 2269 1054 2326 personae

86 2337 227 2412 publicae,
248 2339 301 2394 lroc
323 2347 364 2394 est
385 2337 533 2410 tabulario,
555 2339 579 2394 si
593 2339 664 2394 intra
678 2335 848 2411 pubertatem
868 2337 988 2412 pupillus
1009 2338 1055 2396 de·

86 2423 218 2494 cesserit,
238 2423 429 2478 restituturam
444 2439 474 2478 se
494 2422 566 2479 hona
579 2421 648 2494 illis,
669 2423 730 2496 qui,
751 2423 774 2478 si
790 2420 899 2496 adoptio
915 2422 984 2479 lacta
1000 2441 1055 2480 non

86 2515 178 2578 esset,
205 2508 238 2562 ad
263 2508 464 2564 successionem
491 2509 549 2564 eius
574 2509 687 2564 venturi
707 2515 807 2564 essent.
838 2508 903 2563 item
918 2525 974 2564 non
991 2509 1055 2564 alias

87 2592 258 2664 emancipare
284 2608 331 2648 eos
356 2599 449 2665 potest
473 2591 636 2666 adrogator,
662 2593 714 2647 nisi
740 2609 819 2648 causa
844 2594 955 2668 cognita
980 2593 1055 2666 digni

87 2676 314 2749 emancipatione
328 2673 430 2732 fuerint
456 2684 484 2732 et
499 2685 565 2732 tune
589 2693 638 2732 sua
652 2675 722 2732 bona
738 2677 776 2732 eis
791 2675 895 2732 reddat.
927 2675 974 2732 sed
991 2686 1017 2732 et
1033 2679 1056 2732 si

87 2758 225 2816 decedens
248 2767 324 2834 pater
345 2777 408 2816 eum
427 2760 631 2817 exheredaverit
652 2760 695 2818 vel
714 2763 789 2816 vivus
811 2761 870 2816 sine
889 2761 960 2816 iusta
975 2777 1055 2816 eausa

87 2860 152 2899 eum
174 2846 398 2919 emancipaverit,
420 2844 528 2901 iubetur
549 2852 670 2920 quartam
686 2853 790 2920 partem
806 2846 831 2900 ei
845 2861 958 2901 snorum
969 2843 1056 2902 bono·

86 2945 150 2984 rum
165 2929 335 3003 relinquere,
355 2929 481 2986 videlicet
495 2939 604 3003 praeter
623 2929 708 3002 bona,
730 2946 799 3003 quae
819 2929 851 2986 ad
872 2938 976 3004 patrem
993 2931 1057 2988 ado·

87 3013 195 3085 ptivnm
210 3014 350 3070 transtulit
371 3023 398 3070 et
419 3031 536 3088 quorum
557 3014 729 3071 commodum
750 3017 776 3070 ei
791 3013 935 3089 adquisivit
949 3024 1054 3089 postea.

87 3097 220 3154 Minorem
242 3107 307 3154 natu
326 3115 382 3156 non
400 3115 483 3173 posse
509 3101 636 3156 maiorem
663 3099 791 3173 adoptare
816 3099 918 3174 placet:
945 3099 1056 3174 adoptio
1074 3110 1099 3162 4,

87 3183 163 3238 enim
178 3191 300 3238 naturam
315 3185 436 3240 imitatur
451 3191 479 3239 et
493 3201 543 3256 pro
560 3192 683 3240 monstro
700 3192 756 3256 est,
778 3192 809 3240 ut
829 3186 914 3241 maior
934 3186 969 3239 sit
985 3183 1055 3240 lilius
1155 3235 1166 3239 -

88 3283 170 3340 quam
191 3275 277 3340 pater.
300 3267 380 3324 debet
395 3269 485 3342 itaque
511 3269 551 3340 is,
579 3270 625 3342 qni
646 3267 695 3326 sibi
716 3286 766 3342 per
786 3269 991 3343 adrogationem
1014 3268 1057 3324 vel

138 3569 142 3578 ,
160 3533 179 3598 1)
199 3500 250 3584 aa
268 3535 300 3584 a.
321 3535 363 3584 10.
381 3533 408 3584 o.
429 3536 461 3585 ae
479 3537 568 3600 osopi.
588 3533 624 3602 (e,
643 3537 675 3585 av
694 3537 728 3586 aa.
747 3531 800 3599 le).

122 3633 288 3670 avsnrnraaa
308 3633 538 3672 ansriavrrorvas.
885 3619 903 3674 2
