2486 3916
127 213 193 264 XIV
532 226 700 265 1111111111.

127 359 173 407 111
202 353 230 408 11
246 367 276 408 11
305 359 383 426 parte
401 351 519 426 ltaliae,
550 369 619 428 quae
645 352 768 410 orientali
793 355 950 428 imperatori
972 362 1096 428 pareret,

126 437 226 510 scripta
242 452 307 492 esse
319 453 435 494 necesse
456 439 507 511 sit,
530 445 558 494 11
579 437 726 512 utrobique
742 439 879 494 doctiores
899 437 1094 514 iureconsulti,

126 519 228 594 quihus
240 521 346 578 arbitris
372 522 399 576 id
426 520 518 596 lieret,
540 525 684 598 utriusque
698 524 867 580 litteraturae
897 525 974 598 gnari
989 531 1095 592 essent,

126 604 199 678 quod
215 606 252 662 de'
263 605 336 662 ltalia
352 608 432 663 etiam
449 625 481 664 11
497 608 597 664 dictato
613 609 647 664 de
662 609 823 666 consiliariis
840 616 947 664 constat
960 605 1093 683 lSavigny

125 689 221 746 Gesch.
239 689 265 745 d.
282 689 361 748 uu.
379 693 413 748 it
426 709 453 766 p.
473 693 544 764 196)
559 691 742 750 vindobitare
757 693 836 764 licet,
858 699 962 748 mature
978 691 1010 747 ab
1026 691 1093 762 illis,

125 791 185 831 cum
202 775 236 830 de
250 777 461 852 interpretandis
476 779 519 833 vel
534 785 608 834 recte
623 778 747 853 legendis
763 777 981 834 institutionibus
998 793 1093 850 agere·

123 867 185 932 tur,
202 861 281 918 etiam
298 861 442 936 Theophili
457 861 657 919 celeberrimam
672 864 848 938 paraphrasin
860 861 1005 918 adhibitam
1021 877 1090 916 esse.

124 945 207 1020 ldqne
228 945 369 1002 confirmat
394 947 529 1002 vetustior
548 947 722 1004 Taurinensis
749 947 858 1022 glossae
878 964 956 1021 pars,
978 949 1006 1002 in
1028 961 1092 1019 qua,

125 1029 197 1104 quod
213 1031 329 1104 primum
344 1031 524 1088 Schraderum
537 1028 645 1103 (mouit.
663 1033 696 1087 ed
712 1033 775 1088 lect.
798 1050 825 1106 p.
835 1029 992 1102 utvsxvl)
1008 1031 1091 1085 anim-

124 1115 272 1172 advertisse
292 1117 390 1187 credo,
408 1115 547 1190 ‘quaedam
575 1133 636 1172 curn
657 1116 808 1190 Theophilo
831 1118 953 1190 proxime
974 1122 1091 1188 cognata

123 1201 225 1256 insunt.
258 1199 327 1256 Sane
342 1201 413 1257 enim
429 1201 589 1260 sumsero.
606 1201 637 1256 ad
652 1199 696 1274 lli,
711 1202 761 1273 21,
777 1219 819 1276 pr.
835 1199 1030 1274 Theophilinae
1046 1199 1091 1254 de·

124 1282 238 1340 linitioni
260 1285 291 1340 ad
314 1285 426 1342 verbum
456 1287 620 1360 respondet,
647 1293 674 1343 et
695 1303 768 1342 num.
787 1285 858 1343 207.
885 1284 917 1341 ad
932 1283 970 1355 ll,
991 1281 1043 1354 iT,
1062 1283 1088 1338 1.

122 1369 285 1427 111111422.
304 1371 398 1442 adili,
421 1370 477 1443 23,
498 1389 539 1446 pr.
557 1371 718 1430 1111454.
736 1371 772 1426 ¹ad
793 1369 842 1442 ili,
867 1369 924 1442 29,
942 1367 970 1425 3.
994 1367 1091 1442 quibus

123 1455 190 1512 adde
206 1471 279 1510 num.
299 1449 342 1512 1¹).
360 1457 392 1512 ad
409 1455 435 1528 l,
454 1455 492 1512 13
502 1457 554 1528 ‚³·3.
577 1473 652 1512 num.
671 1457 698 1514 7.
715 1455 789 1528 adl,
806 1455 863 1526 20,
887 1471 929 1530 pr.
946 1452 1088 1510 111110.

123 1541 192 1612 adl,
209 1539 259 1610 20,
276 1539 304 1598 3.
322 1557 396 1598 num.
415 1541 483 1600 100.
501 1541 534 1597 ad
549 1541 581 1613 ll,
599 1541 633 1614 3,
652 1543 679 1598 1.
696 1558 770 1598 num.
790 1541 860 1598 1¹97.
878 1539 910 1595 ad
926 1538 963 1609 ll,
982 1537 1038 1607 15,
1062 1536 1090 1592 4.

123 1633 177 1680 tarn
198 1625 349 1698 Theophilo
371 1625 433 1699 plus
447 1629 575 1682 minusve
601 1626 701 1682 similes
726 1635 805 1696 sunt,
833 1632 863 1679 ut
889 1623 974 1698 prima
1001 1637 1092 1677 earum

123 1709 276 1783 glossarum
298 1710 377 1783 origo
401 1726 432 1765 11
455 1727 487 1766 11
508 1711 655 1783 repetenda
671 1727 731 1766 esse
747 1709 878 1765 videatur.
924 1705 993 1774 Quid
1018 1705 1091 1780 quod

123 1793 259 1848 familiaris
275 1793 320 1848 illa
337 1793 488 1867 Theophilo
512 1795 643 1863 formula,
665 1811 725 1850 cum
742 1794 876 1868 quidnou
893 1809 925 1848 11
939 1791 1094 1847 institutio·

122 1877 201 1932 nibus
216 1880 332 1950 petitum
347 1879 451 1951 adfert,
468 1873 581 1949 ἔξωθεν
597 1876 645 1936 δεῖ
663 1872 695 1935 σὲ
710 1873 821 1936 εἰδέναι
846 1877 1000 1934 relcuom
1021 1869 1092 1944 ἔξω·

121 1961 180 2017 θεν
195 1956 263 2016 ἴσθι
279 1971 306 2018 11
321 1964 433 2034 similia,
451 1963 525 2020 velut
539 1963 583 2035 lli,
601 1965 651 2036 28,
669 1965 697 2020 2.
715 1964 765 2036 29,
779 1963 811 2020 3)
823 1963 866 2034 IV,
881 1964 909 2034 1,
928 1961 975 2018 11.
996 1960 1048 2031 10,
1061 1957 1091 2015 2.

123 2048 205 2102 etiam
217 2048 244 2102 in
262 2048 301 2104 his
318 2047 419 2122 glossis
435 2051 567 2121 recurrit,
584 2067 658 2106 num.
669 2049 726 2106 ¹21.
745 2047 832 2104 ‘extra
845 2044 999 2103 scierrdum'
1015 2061 1089 2100 num.

123 2127 193 2187 212.
212 2129 282 2189 219.
302 2131 394 2188 ‘extra
409 2133 623 2208 intellegendum
647 2133 715 2191 est'.
748 2131 800 2189 Sed
816 2134 896 2188 etiam
910 2133 969 2206 ipsa
983 2147 1013 2186 re
1028 2143 1091 2202 pro·

121 2213 217 2288 batur,
233 2215 345 2273 Latinos
362 2217 468 2274 codices
485 2219 629 2292 Theophili
648 2221 755 2274 ratione
777 2217 866 2273 habita
884 2217 1001 2290 scriptos
1018 2231 1087 2272 esse.

121 2299 179 2355 Duo
206 2308 310 2356 tantum
331 2303 379 2357 sed
401 2301 539 2358 luculente
561 2303 682 2376 exempla
703 2301 782 2358 dabo.
805 2301 843 2376 11,
865 2301 921 2372 20,
938 2301 986 2358 25.
1009 2299 1088 2355 verba

120 2383 166 2439 illa
195 2382 289 2440 ‘tutor
317 2401 427 2460 quoque
453 2395 544 2442 certus
572 2387 628 2442 dari
651 2385 782 2443 debehat'
807 2386 839 2442 ab
861 2384 983 2442 omnibus
1004 2400 1092 2459 paene

121 2467 258 2524 veteribus
282 2469 357 2525 libris
380 2478 407 2525 et
429 2471 569 2546 plerisque
596 2471 770 2528 inferioribus
792 2471 898 2528 absunt.
942 2469 1017 2526 Unde
1038 2469 1093 2525 hoc

121 2553 232 2608 vitium?
265 2553 373 2610 Scilicet
390 2555 557 2628 Theophilus
579 2557 809 2628 animadvertens,
834 2557 900 2612 haec
921 2554 999 2610 verba
1020 2555 1092 2610 sicut

121 2645 227 2710 cetera,
244 2656 311 2714 qnae
327 2638 362 2694 ihi
379 2639 412 2696 de
427 2641 523 2714 legatis
547 2648 574 2696 et
589 2639 804 2697 fideicommissis
823 2649 850 2697 11
865 2641 989 2696 libertate
1004 2640 1092 2695 incer-

122 2729 163 2778 tae
178 2738 313 2796 personae
329 2723 430 2780 relictis
447 2741 479 2781 es
495 2724 559 2780 Gaio
575 2729 715 2800 veterique
737 2727 795 2782 iure
816 2725 992 2796 referuntur,
1013 2739 1090 2798 prae·

120 2808 202 2862 terito
219 2815 342 2882 tempore
358 2809 427 2865 elata
442 2810 572 2866 lectorem
596 2812 623 2866 in
640 2826 759 2866 errorem
776 2811 920 2881 inducere,
942 2817 973 2863 11
988 2808 1090 2878 credat,

119 2899 196 2946 vetus
225 2894 268 2948 ios
301 2911 315 2948 a
344 2893 492 2950 iustiniano
521 2895 601 2972 etiam
630 2897 701 2951 eirca
733 2902 853 2950 tutorem
876 2898 1010 2950 incertum
1043 2891 1089 2946 da·

119 2981 176 3030 tum
199 2983 332 3034 mutatum
360 2995 437 3050 esse,
459 2979 530 3036 dicta
555 2978 636 3035 verba
658 2980 704 3035 illo
732 2978 793 3036 loco
818 2981 918 3035 rectius
943 2977 1034 3032 omisit
1060 2985 1087 3032 et

118 3063 145 3116 in
174 3059 227 3116 line
251 3061 357 3118 demum
388 3065 474 3118 totius
503 3065 711 3138 disputationis,
741 3065 832 3120 multis
862 3063 1028 3132 interiectis,
1058 3069 1089 3115 ut

118 3147 234 3212 lectores
250 3147 338 3202 minus
355 3147 500 3222 diligentes
525 3149 603 3206 facile
626 3150 740 3222 lateret,
762 3149 800 3220 ll,
822 3147 879 3219 20,
901 3147 950 3204 27.
976 3146 1088 3219 adiecit⁷

117 3237 237 3286 tutorem
253 3248 317 3287 vero
334 3250 423 3306 neque
439 3249 471 3289 ex
487 3251 556 3290 nova
570 3231 1086 3304 11111111111111111111111(1111111111.

117 3315 170 3370 Per
184 3318 349 3372 contrarium
365 3315 408 3390 iV,
426 3319 475 3390 16,
493 3321 520 3375 1.
544 3318 624 3375 verba
646 3317 706 3374 tvel
735 3316 823 3392 tripli’
847 3317 996 3373 certissime
1011 3313 1088 3388 laisa,

117 3399 165 3455 sed
181 3401 208 3454 in
225 3399 349 3458 omnihus
365 3402 501 3460 veteribus
524 3403 600 3460 libris
621 3403 725 3475 addita,
747 3420 780 3459 11
791 3403 948 3476 Theophiio
964 3398 1032 3455 male
1047 3397 1087 3454 in-

116 3483 228 3542 tellecto
256 3503 306 3560 eo,
335 3505 414 3561 quem
441 3487 477 3544 ibi
505 3489 689 3564 manifestavi,
718 3488 798 3544 modo
827 3485 991 3560 interpolata
1012 3492 1085 3540 sunt.
