2484 3916
158 165 200 230 52
478 174 514 208 nn
534 167 744 208 nousrrourscs
762 152 801 215 11,
821 153 846 201 7.

168 320 226 376 redi
249 326 278 374 et
300 317 442 372 bonorum
464 313 631 388 possessori,
664 309 727 366 licet
747 308 905 382 ignoranti,
932 307 1081 380 possessio
1104 323 1161 362 noo

167 401 294 476 prodest.
335 399 412 473 quod
432 407 527 455 nostra
541 387 720 453 constitutio¹
741 391 869 448 similiter
884 399 913 446 et
934 391 964 446 in
980 391 1162 464 usucapioni-

115 500 150 548 13
167 487 218 542 bus
235 484 380 540 observari
394 483 554 552 constituit,
570 487 601 535 ut
615 486 737 550 tempora
751 476 961 532 continuentur.
1001 474 1082 530 luter
1097 492 1162 530 ven·
1236 458 1237 542 l

168 571 290 626 ditorem
307 584 422 641 quoque
438 575 467 622 et
482 573 632 639 emptorem
644 562 774 634 coniungi
789 567 927 632 tempora,
943 553 1022 614 divi²
1039 559 1163 615 Severus

172 659 200 709 et
214 652 374 708 Antoninus
390 653 600 724 rescripserunt.
1115 709 1118 714 ¹

120 749 154 798 14
235 733 333 792 Edicto
357 736 412 791 divi
433 734 514 791 llaroi
534 738 659 801 cavetur,
680 746 758 800 eum,
780 729 858 801 quia
880 725 948 783 lisco
964 743 1027 783 rem
1043 727 1164 784 alienam
1237 753 1238 778 r

170 821 251 890 emit,
275 820 299 873 si
320 826 389 892 post
410 819 594 876 venditionem
621 814 838 888 quinquennium
857 812 1055 885 praeterierit,
1079 829 1164 885 posse
1237 811 1238 860 ἐ

170 903 314 958 dominum
336 905 378 958 rei
401 920 452 976 per
477 901 663 974 exceptionem
685 897 830 970 repellere.
876 897 1046 952 constitutio
1071 905 1165 952 autem

108 993 110 1002 '
172 987 248 1042 divae
264 987 416 1042 memoriae
437 976 573 1041 Zenonis³
593 982 662 1038 bene
675 982 819 1055 prospexit
839 981 899 1052 his,
922 981 971 1054 qui
993 978 1099 1037 alisco
1117 997 1166 1054 per

172 1069 361 1125 venditionem
383 1070 427 1125 vel
449 1069 624 1124 donationem
650 1066 695 1121 vel
723 1066 805 1120 aliurn
825 1065 940 1120 titulum
962 1064 1073 1138 aliquid
1096 1067 1167 1122 acci·

173 1153 268 1227 piunt,
290 1159 323 1206 ut
344 1154 399 1227 ipsi
414 1153 524 1227 quidem
545 1152 633 1207 securi
647 1151 739 1206 statim
759 1148 826 1204 liant
847 1155 876 1204 et
891 1151 1012 1206 victores
1030 1151 1167 1221 existant,
1238 1151 1239 1166 ¹

174 1238 230 1292 sive
252 1238 456 1293 conveniantur
482 1239 540 1292 sive
565 1235 751 1308 experiantur:
784 1232 915 1288 adversus
942 1235 1167 1290 sacratissimum

176 1325 266 1374 autem
288 1323 426 1376 aerarium
447 1337 536 1394 usque
557 1319 590 1374 ad
605 1318 812 1392 quadriennium
833 1317 915 1374 liceat
936 1317 1087 1376 intendere
1113 1321 1167 1390 his,

177 1403 223 1476 qui
238 1418 289 1476 pro
306 1404 430 1461 dominio
451 1405 495 1460 vel
516 1405 668 1478 hypotheca
689 1419 781 1458 earum
802 1418 912 1474 rerum,
940 1419 1012 1475 quae
1028 1403 1168 1460 alienatae

178 1494 258 1556 sunt,
284 1491 445 1560 putaverint
470 1487 521 1544 sibi
545 1487 673 1560 quasdam
700 1493 858 1560 competere
883 1487 1019 1542 actiones.
1067 1498 1168 1544 nostra
1239 1509 1240 1512 ¹

178 1575 268 1624 nutem
284 1570 376 1628 divina
391 1566 591 1642 constitutio,⁴
611 1587 691 1643 quam
705 1587 794 1644 nuper
808 1571 1065 1644 promulgavimus,
1082 1573 1169 1628 etiam

179 1653 213 1707 de
240 1653 297 1722 his,
327 1657 376 1726 qui
398 1673 413 1710 a
432 1664 526 1710 nostra
545 1653 588 1710 vel
608 1653 768 1710 venerahilis
788 1655 931 1728 Augustae
952 1653 1037 1711 domo
1060 1656 1169 1731 aliquid

181 1736 353 1806 acceperint,
370 1737 438 1792 haec
453 1741 564 1808 statuit,
581 1753 650 1810 quae
665 1739 694 1793 in
705 1736 839 1794 fiscalibus
855 1739 1070 1798 alienationibus
1086 1757 1169 1816 prae·

184 1817 238 1872 lata
252 1815 409 1875 Zenoniaua
424 1815 641 1878 constitutione·¹>
656 1822 841 1879 eontinentur.

611 2018 668 2058 rm.
682 2019 735 2059 vn.

491 2121 542 2170 Du
564 2119 848 2205 DONnTioNIBUS.

134 2245 171 2284 er.
254 2233 301 2288 Est
316 2237 397 2292 etiam
413 2239 486 2296 aliud
501 2259 588 2316 genus
603 2243 802 2317 adquisitionis,
818 2244 940 2302 donatio.
979 2231 1170 2309 Donationum

189 2322 279 2369 autem
306 2317 361 2372 duo
382 2337 485 2392 genera
506 2334 586 2381 sunt:
611 2330 709 2384 mortis
729 2347 809 2386 causa
832 2337 860 2386 et
874 2347 932 2386 non
952 2333 1052 2388 mortis
1075 2351 1168 2392 causa.

156 2405 170 2451 1
189 2397 283 2452 Mortis
299 2415 380 2496 causa
394 2403 507 2462 donatio
524 2417 582 2480 est,
598 2426 666 2484 quae
680 2424 794 2489 propter
808 2416 905 2472 mortis
920 2414 951 2472 tit
967 2419 1170 2492 suspicionem,

189 2496 251 2535 cum
267 2491 327 2578 quis
342 2485 495 2581 lta-donat,
517 2501 563 2564 ut,
585 2495 608 2549 si
624 2496 689 2569 quid
704 2499 859 2556 humanitus
876 2501 902 2556 ei
916 2503 1102 2576 contigisset,
1124 2505 1171 2560 ha·

189 2563 267 2660 heret
290 2581 328 2636 rs,
351 2583 397 2639 qur
417 2576 537 2666 accepit:
567 2579 611 2634 sin
631 2589 722 2640 autem
742 2585 952 2660 supervixisset,
975 2588 1023 2660 qui
1044 2587 1171 2661 donavit,

190 2656 340 2720 recrperet,
356 2650 399 2705 vel
413 2669 437 2708 sr
453 2671 517 2714 eum
532 2660 687 2724 donationis
703 2670 901 2743 poenituisset,
918 2679 965 2727 aut
980 2672 1059 2746 prior
1075 2673 1173 2730 deces-

189 2793 391 2806 --—..-...

262 2873 269 2906 s

192 2875 475 3056 if‘§·)⁰l'3¹'·¹l⁹·3oif
493 2901 889 3024 sorici-„ttetto
905 2901 1027 3027 2⁶12?
1050 2909 1174 3036 ltili.

216 3041 223 3055 .
261 3011 386 3072 equadr.
402 3027 531 3075 praescr.
550 3029 584 3093 (¹1,
609 3035 661 3099 37),
741 3039 762 3106 a)
781 3043 814 3097 L·
833 3045 857 3094 3,
878 3041 907 3093 0,
925 3043 983 3095 eod,
1053 3040 1076 3106 ⁵)
1095 3046 1176 3098 codd.

192 3073 575 3196 quwedglleglctgplgpefatae
592 3103 772 3162 Zenonienae
785 3111 992 3163 constitutionis
1009 3113 1076 3162 male
1094 3115 1175 3165 codd.

192 3205 286 3269 nibus,
307 3224 352 3258 περ
370 3217 420 3259 ,am
437 3153 636 3288 ablgssoqffl
655 3179 678 3226 ts
694 3183 819 3242 penitiores
833 3181 949 3246 pendeat
970 3178 1003 3229 ab
1022 3179 1176 3264 alienatio-

250 3275 390 3335 eom,
505 3249 1025 3368 w

189 3348 332 3398 penaunce,-
348 3358 404 3392 nam
420 3351 465 3408 ple
488 3357 495 3368 ·
514 3377 547 3414 ue
883 3332 948 3382 pore
958 3315 1048 3379 sactae
1065 3318 1119 3368 sebe
1131 3335 1165 3382 op

189 3406 307 3467 coeptam·
466 3369 512 3423 ”q
566 3386 704 3440 perperam
724 3386 756 3436 de
767 3385 878 3450 penitioo
895 3399 945 3449 pro
958 3383 1069 3435 ablativio
1089 3389 1176 3450 posito
