2464 3916
177 193 236 257 116
356 208 392 243 uc
412 205 599 244 succussxoxn
619 205 801 242 canunronoit
819 191 871 257 111,
892 193 907 242 Ι
926 191 972 254 (8).

174 353 327 427 specialiter
342 367 389 406 eos
405 355 550 420 vocantes,
566 350 622 404 sive
637 348 689 404 soli
703 349 888 420 inveniantur,
911 348 999 422 quiin
1014 348 1143 406 servitute

175 438 230 493 nati
245 445 273 492 et
287 443 381 509 postea
402 435 558 490 manumissi
573 440 653 505 sunt,
677 435 733 490 sive
759 449 812 488 nna
833 431 986 504 corneliis,
1013 433 1061 505 qui
1084 443 1144 506 post

175 520 326 576 libertatem
341 520 493 593 parentium
509 520 633 592 concepti
654 527 734 590 suot,
760 519 817 573 sive
842 533 875 573 ex
895 515 987 573 eadem
1003 525 1090 572 matre
1106 517 1144 572 vel
1229 565 1230 574 ,

175 605 271 662 codem
286 612 362 679 patre
378 605 434 658 sive
449 620 482 658 ex
493 602 555 668 aliis
571 603 688 676 nuptiis,
704 602 737 658 nd
752 601 955 658 similitudinem
972 617 1085 674 eorum,
1101 603 1145 675 qui

174 707 207 747 ex
222 691 301 746 iustis
317 689 419 762 nuptiis
433 689 571 762 procreati
586 695 660 744 sont.

126 775 154 822 11
238 773 369 848 Repetitis
397 775 489 847 itaque
505 771 646 844 omnibuS,
673 773 808 845 quaeiam
825 771 998 843 tradidimus,
1025 781 1145 846 apparet,
1229 831 1230 834 ,

174 876 230 916 non
244 875 352 933 semper
366 875 430 930 eos,
452 857 498 930 qui
512 873 602 930 parem
618 855 732 931 gradum
747 858 918 932 cognationis
939 858 1081 930 optinent,
1103 875 1145 931 pa-

174 946 241 999 riter
255 944 361 1014 vocari,
377 958 464 1015 eoque
480 941 593 1015 amplius
609 959 661 1000 nec
674 958 736 998 enm
752 941 870 1015 quidem,
886 942 932 1015 qui
946 943 1100 1016 proximior
1113 945 1146 997 sit

175 1037 324 1104 cognatus,
345 1043 453 1100 semper
471 1027 606 1100 potiorem
628 1043 696 1082 esse.
734 1043 797 1082 cum
815 1028 887 1082 enim
907 1028 992 1100 prima
1012 1043 1093 1083 causa
1113 1029 1146 1082 sit

174 1130 287 1168 suorum
302 1111 434 1167 heredum
461 1127 585 1184 quosque
606 1113 677 1166 inter
698 1128 763 1167 suos
783 1111 898 1168 heredes
912 1113 965 1168 iam
980 1113 1145 1167 enumeravi·
1227 1119 1228 1122 ’

175 1215 250 1268 mus,
277 1204 403 1270 apparet,
428 1203 609 1269 pronepotem
634 1195 675 1251 vel
696 1195 858 1270 abnepotem
873 1196 995 1252 defuncti
1009 1198 1144 1270 potiorem

173 1297 330 1354 essequam
350 1280 459 1336 tratrem
480 1289 526 1335 aut
540 1289 643 1354 patrem
659 1289 826 1354 matremque
847 1280 984 1353 defuncti,
1005 1297 1068 1337 curn
1083 1281 1145 1338 alio-

173 1367 239 1440 quin
263 1371 341 1439 pater
366 1364 474 1438 quidem
503 1371 530 1420 et
555 1373 655 1436 mater,
681 1373 711 1420 nt
737 1382 819 1439 supra
843 1381 953 1440 quoqne
975 1365 1142 1438 tradidimus,

172 1451 289 1526 primum
306 1449 418 1524 gradum
434 1450 604 1524 cognationis
626 1451 782 1524 optineant,
805 1450 889 1506 irater
903 1467 968 1507 vero
984 1449 1143 1522 secuudum,

173 1551 310 1609 pronepos
336 1544 425 1594 antem
451 1535 533 1590 tertio
554 1534 641 1608 gradu
655 1535 690 1590 sit
706 1543 838 1610 cognatus
855 1543 883 1590 et
898 1535 1015 1610 abnepos
1033 1545 1143 1610 quarto:

174 1637 223 1676 nec
238 1622 369 1690 interest,
389 1621 417 1674 in
432 1626 568 1692 potestate
583 1620 723 1695 morientis
739 1619 821 1676 suerit
836 1637 869 1676 an
885 1637 941 1676 non
957 1620 1055 1691 luerit,
1073 1621 1143 1694 qnod

174 1704 216 1759 vel
232 1705 413 1776 emancipatus
430 1704 472 1758 rel
487 1720 519 1758 ex
535 1705 701 1776 emancipato
727 1712 774 1760 aut
799 1721 831 1760 ex
852 1705 982 1761 feminino
998 1721 1069 1762 sexu
1083 1721 1143 1780 pro·

123 1793 155 1840 12
174 1796 288 1861 pagatns
304 1795 354 1842 est.
385 1787 489 1842 Amotis
504 1781 613 1860 quoqne
628 1789 684 1844 suis
698 1787 842 1845 heredibus
859 1806 983 1864 quosque
997 1791 1070 1846 inter
1081 1807 1143 1846 suos

173 1871 288 1928 heredes
304 1871 393 1926 vocari
410 1870 540 1942 diximus,
557 1870 706 1945 adgnatos,
728 1875 774 1947 qui
794 1875 931 1950 integrum
946 1876 989 1930 ius
1005 1874 1143 1950 adgnatio·

174 1958 215 2015 nis
232 1955 327 2027 babet,
343 1957 447 2012 etiamsi
462 1955 626 2030 longissimo
643 1957 729 2031 gradu
744 1959 795 2031 sit,
816 1959 976 2033 plerumque
991 1962 1087 2034 potior
1101 1961 1144 2016 ha·

173 2041 254 2097 betur
268 2058 347 2114 quana
362 2042 512 2114 proximior
526 2047 674 2114 cognatus:
701 2059 761 2098 nam
776 2046 865 2117 patrui
879 2061 964 2118 nepos
985 2044 1030 2100 vel
1045 2062 1143 2118 prone·

173 2143 223 2199 pos
239 2125 371 2182 avunculo
387 2127 429 2182 vel
444 2135 603 2182 materterae
618 2127 779 2199 praefertur.
815 2130 915 2184 totiens
930 2131 1016 2204 igitur
1031 2129 1144 2186 dicimus

172 2220 220 2266 ant
234 2212 371 2284 potiorem
386 2211 478 2268 baberi
493 2229 565 2283 eum,
582 2213 628 2284 qni
642 2213 834 2285 proximiorem
846 2213 960 2288 gradum
972 2217 1145 2288 cognationis

171 2294 296 2367 obtinet,
312 2303 358 2350 aut
372 2298 474 2368 pariter
489 2298 579 2352 vocari
594 2312 657 2369 eos,
680 2299 725 2370 qui
741 2299 849 2372 cognati
866 2301 937 2370 sint,
954 2301 1083 2372 quotiens
1097 2317 1145 2355 ne·

171 2396 227 2452 -que
242 2395 355 2434 suorum
381 2379 510 2436 heredum
537 2382 596 2435 inre
622 2383 723 2454 quique
748 2383 821 2438 inter
845 2400 911 2439 suos
937 2383 1052 2440 heredes
1067 2392 1144 2455 sunt,

172 2478 262 2534 neque
282 2462 452 2534 adgnationis
473 2463 532 2518 iure
553 2463 648 2538 aliquis
668 2467 798 2539 praeferri
820 2467 916 2525 debeat
937 2469 1087 2526 secundum
1101 2485 1144 2540 ea,

170 2562 242 2618 aquae
260 2545 427 2618 tradidimus,
448 2549 567 2622 exceptis
582 2548 666 2606 fratre
682 2561 709 2606 et
724 2550 820 2618 sorore
837 2555 1026 2628 emancipatis,
1048 2556 1096 2628 qui
1111 2555 1145 2609 ad

171 2632 373 2686 successionem
395 2631 506 2688 fratrum
527 2633 569 2688 vel
590 2651 715 2691 sororum
731 2626 878 2712 vocantur,
901 2639 947 2712 qui
969 2646 997 2694 et
1017 2640 1041 2694 si
1056 2641 1146 2714 capite

170 2714 304 2854 dpminnti
328 2725 408 2788 snut,
436 2726 524 2774 tamen
544 2719 736 2792 praeferuntur
758 2724 855 2779 ceteris
881 2723 1019 2778 ulterioris
1041 2723 1146 2798 gradus

169 2817 187 2854 a
206 2802 305 2874 gnatis.

544 3001 600 3041 orn.
614 3002 662 3042 vn
675 3003 758 3052 (van).

366 3101 411 3152 DE
430 3102 676 3156 SUOOESSIONE
694 3107 944 3180 LIBERTORUM,

119 3230 154 3270 Pr·
238 3220 246 3258 ¹
260 3225 337 3282 Nunc
351 3226 385 3281 dc
399 3225 557 3282 libertorum
577 3227 654 3292 bouis
671 3228 815 3286 videamus.
854 3231 918 3286 olim
932 3233 1024 3306 itaque
1044 3232 1147 3289 licebat

171 3309 267 3366 liberto
293 3319 437 3384 patronum
462 3329 542 3368 soum
567 3314 687 3386 impune
702 3321 864 3371 testamento
885 3318 1049 3389 praeterire:
1081 3333 1146 3374 nam

175 3425 374 3434 Μ...-

240 3490 259 3556 a)
277 3510 319 3556 pr,
338 3495 379 3555 ξς,
400 3495 422 3547 1,
443 3494 533 3556 2fere
551 3514 584 3534 =
604 3495 659 3544 Gai.
678 3498 701 3551 3,
722 3499 848 3552 39...42.
927 3459 929 3462 Ι
