2464 3916
188 171 291 215 omens
310 174 395 209 nonis
415 173 568 210 oemonrro
587 173 729 210 roncrruu
747 161 797 219 ΙΙΙ,
817 163 849 211 29
869 160 933 225 (30).
985 160 1045 224 151

412 343 469 384 TIT.
482 343 586 383 xxvm
600 343 704 392 (XXIX).
771 337 773 342 ’

76 447 148 498 PER
162 444 255 509 QUAS
267 444 454 498 Pnsssortns
466 445 576 497 NOBIS
590 445 791 498 OBLIGATIO
803 447 1045 509 Anqurnlrun.

142 561 292 642 ¹lixpositis
308 569 451 643 generibus
474 568 684 643 obligationum,
706 585 774 642 quae
796 585 829 625 ex
844 577 986 628 contractu
1001 572 1044 628 vel
1061 583 1097 624 1³1.

78 655 154 726 quasi
169 670 200 708 ex
216 662 355 710 contractu
370 662 529 725 nascuntur,
545 653 707 710 admonendi
722 671 833 725 sumus,
849 652 953 727 adquiri
969 656 1045 712 vobis

76 755 131 795 non
147 738 235 794 solum
250 755 299 812 per
313 746 417 794 vosmet
437 740 528 812 ipsos,
549 739 597 794 sed
618 739 697 794 etiam
718 754 768 812 per
790 754 834 794 eas
856 755 965 812 quoque
985 759 1046 814 per·

76 839 168 894 sonas,
184 824 292 896 quaein
307 831 395 878 vestra
410 831 547 896 potestate
562 830 641 893 suut,
662 822 746 878 veluti
766 839 816 896 per
831 839 924 879 servos
940 833 1046 880 vestros

77 915 103 962 et
118 905 204 964 lilios:
224 915 256 963 ut
270 915 374 978 tamen,
396 907 469 981 quod
490 925 539 982 per
559 924 651 963 servos
669 907 777 982 quidem
792 907 868 964 vobis
885 908 1045 982 adquiritur,

76 1001 165 1048 totum
180 999 299 1049 vestrum
314 991 375 1064 fiat,
393 991 466 1065 quod
481 1000 570 1048 autem
586 1009 635 1066 per
649 991 766 1064 liberos,
782 1010 851 1066 quos
866 995 894 1048 in
909 1001 1047 1067 potestate

76 1077 196 1148 habetis,
213 1093 245 1132 en
260 1075 424 1151 obligatione
440 1077 522 1134 luerit
536 1077 716 1151 adquisitum,
733 1077 786 1134 hoc
801 1077 935 1133 dividatur
950 1095 1046 1134 secun-

76 1162 139 1216 dum
155 1163 295 1235 imaginem
310 1163 590 1236 rerum'proprietatis
606 1170 634 1218 et
649 1161 837 1234 ususfructus,
860 1179 939 1236 quam
954 1171 1047 1219 nostra

77 1246 202 1300 discrevit
212 1247 371 1303 constitutio
379 1239 405 1301 :²
418 1255 459 1318 ut,
475 1247 548 1322 quod
559 1246 590 1302 ab
602 1249 706 1303 actione
716 1247 887 1303 commodum
899 1250 1046 1322 perveniat,

78 1330 159 1384 huius
173 1331 368 1387 usumfructum
384 1331 491 1405 quidem
506 1330 602 1386 habeat
617 1339 704 1406 pater,
719 1333 871 1406 proprietas
886 1341 974 1388 autem
991 1331 1046 1388 lilio

77 1421 213 1486 servetur,
235 1415 337 1471 scilicet
357 1423 433 1490 patre
453 1417 587 1470 actionem
609 1423 734 1472 movente
754 1416 902 1472 secundum
924 1417 1047 1472 novellae

75 1506 185 1555 nostrae
206 1495 407 1556 constitutionis
429 1501 595 1556 divisionem.
634 1493 716 1555 ³ltem
738 1517 788 1574 per
808 1500 909 1556 liberos
923 1500 1080 1562 homines1

75 1591 102 1638 et
118 1581 221 1640 alienos
236 1601 344 1658 servos,
367 1601 435 1658 quos
456 1583 527 1641 bona
548 1583 601 1641 fide
616 1584 777 1658 possidetis,
793 1584 944 1658 adquiritur
958 1581 1045 1655 vobis,

75 1667 120 1724 sed
139 1674 244 1724 tantum
259 1685 292 1724 ex
307 1669 410 1726 duabus
425 1671 529 1742 causis,
550 1669 577 1725 id
593 1677 636 1726 est
655 1671 678 1726 si
698 1668 763 1744 quid
779 1685 811 1724 ex
827 1670 917 1742 operis
933 1669 989 1724 suis
1003 1667 1046 1724 vel

74 1770 105 1808 ex
119 1768 153 1807 re
167 1761 256 1809 vestra
270 1754 420 1828 adquirant.
450 1754 502 1810 Per
517 1771 577 1810 eum
594 1771 704 1829 quoque
719 1769 827 1810 servum
841 1755 869 1808 in
885 1770 939 1826 quo
955 1768 1047 1808 usum·
1065 1759 1081 1807 2

74 1837 195 1892 fructum
209 1838 252 1894 vel
267 1855 345 1894 usum
360 1839 475 1910 habetiS,
491 1840 614 1896 similiter
628 1855 660 1894 ex
676 1837 779 1894 duabus
793 1839 853 1894 istis
868 1839 955 1894 causis
970 1836 1046 1892 vobis

44 1993 48 2000 ι
73 1922 236 1995 adquiritur.
273 1921 446 1979 Communem
467 1941 573 1979 servum
598 1941 648 1998 pro
675 1919 807 1978 dominica
831 1931 907 1996 parte
930 1922 1081 1978 dominis3

74 2006 218 2080 adquirere
239 2014 342 2062 certum
365 2017 420 2078 est,
443 2015 556 2082 excepto
572 2023 621 2079 eo,
638 2006 711 2079 quod
726 2007 774 2061 uni
788 2008 944 2061 nominatim
960 2007 1047 2077 stipu-

73 2090 153 2146 lando
178 2099 224 2146 aut
243 2107 293 2164 per
312 2092 484 2150 traditionem
505 2091 660 2164 accipiendo
680 2089 720 2145 illi
742 2090 793 2144 soli
809 2090 941 2162 adquirit,
962 2089 1047 2143 veluti

74 2193 133 2230 cum
149 2177 190 2230 ita
209 2177 366 2248 stipuletur:
390 2193 477 2234 n1n1o
498 2188 619 2233 nonruo
636 2189 701 2230 nno
718 2189 802 2230 nanu
818 2173 978 2232 oronnae?
999 2171 1046 2226 sed

74 2261 96 2314 si
110 2261 195 2316 unius
210 2259 309 2316 domini
324 2263 401 2317 iussu
419 2277 515 2317 servus
530 2261 613 2316 luerit
627 2258 783 2332 stipulatuS,
798 2258 863 2314 licet
877 2265 955 2312 antea
970 2253 1047 2310 dubi·

73 2343 192 2412 tabatur,
208 2352 297 2400 tamen
311 2353 375 2420 post
395 2353 515 2401 nostram
535 2337 716 2401 decisionem⁴
738 2359 783 2398 res
804 2341 928 2415 expedita
942 2348 1000 2412 est,
1016 2347 1047 2394 ut

73 2427 109 2484 illi
127 2437 234 2484 tantum
246 2429 379 2502 adquirat,
392 2431 438 2502 qui
449 2431 502 2486 hoc
512 2431 536 2485 ei
547 2429 636 2485 iacere
646 2429 737 2499 iussit,
746 2435 778 2482 ut
789 2443 870 2500 supra
882 2425 984 2482 dictum
994 2431 1044 2481 est.

798 2583 820 2612 Δ

437 2677 493 2716 mr.
506 2677 586 2742 xm
600 2677 690 2724 (xxx).

208 2795 342 2876 QUIBUS
361 2795 475 2846 MODIS
494 2795 694 2848 OBLIGATIO
714 2793 913 2846 TOLLITUR.

138 2935 257 2990 Tollitur
273 2942 363 2990 autem
379 2936 466 2991 omnis
483 2934 612 3010 obligatio
628 2935 765 2990 solutione
780 2935 854 3004 eins,
876 2929 950 3006 quod
965 2928 1045 2986 debe·
1062 2947 1097 2987 rr.

75 3027 130 3092 tur,
147 3019 192 3075 vel
208 3021 231 3075 si
247 3021 318 3092 quis,
334 3021 521 3076 consentiente
537 3019 686 3090 creditore,
703 3017 774 3074 aliud
789 3033 839 3090 pro
855 3016 907 3072 alio
923 3015 1045 3072 solverit.

78 3203 284 3210 Ἣ...-

147 3318 165 3382 ¹)
183 3339 218 3361 =
237 3319 293 3370 (iai.
308 3321 331 3374 3,
346 3320 395 3369 163
411 3325 469 3367 mut.
522 3315 543 3379 ²)
562 3319 594 3366 L.
608 3318 631 3366 6.
647 3317 675 3369 0.
694 3318 726 3366 de
738 3316 795 3366 bon.
810 3329 874 3378 quoe
892 3313 934 3365 tit.
947 3312 981 3376 (6,
995 3309 1047 3374 61).

77 3383 97 3446 3)
116 3387 156 3448 55.
178 3390 256 3440 1...3
272 3387 330 3450 fere
348 3407 382 3427 ==
402 3385 457 3435 Gai.
477 3387 500 3446 3,
522 3386 579 3436 164.
600 3386 656 3434 165.
678 3385 734 3435 167.
761 3384 787 3432 in
810 3383 862 3442 fine
888 3387 946 3429 mut.
1025 3377 1046 3440 4)

77 3453 111 3503 L.
131 3457 156 3504 3.
175 3455 202 3504 0.
220 3470 271 3519 per
289 3469 353 3518 quos
368 3467 441 3517 pers.
460 3451 495 3516 (4,
514 3451 567 3514 at).
