2486 3916
298 138 404 181 oureus
422 139 566 175 auruum
585 139 669 174 nicar
687 141 741 176 vac
761 141 817 177 raon
835 127 872 188 Π,
891 130 916 180 8.
1055 128 1098 194 55

124 297 188 338 cnm
204 280 291 350 Titio,
310 279 388 335 solus
409 279 563 336 libertatem
578 282 604 336 ei
623 283 754 355 imposuit
768 283 812 338 vel
827 284 943 340 vindicta
959 285 1000 340 vei
1015 293 1098 342 testa·

124 372 236 434 mentm
263 381 296 420 eo
317 381 381 420 casu
404 381 465 438 pars
487 367 545 422 eius
566 364 739 422 emittebatur
760 375 788 422 et
812 369 888 424 socio
914 368 1095 426 adcrescebat.

123 449 174 505 sed
196 465 257 505 oum
277 450 425 522 pessimum
446 449 536 506 luerat
556 444 712 523 exemplo‚¹
732 459 759 507 et
780 450 905 508 libertate
927 469 1036 509 serrum
1051 455 1097 510 de·

123 532 245 590 fraudari
265 540 292 589 et
313 550 346 588 ox
366 551 397 589 ea
417 533 621 591 humanioribus
643 535 752 608 quidem
772 535 888 592 dominis
909 537 1034 594 damnum
1055 541 1097 594 in·

123 618 204 690 lerri⁷
216 617 401 674 severioribus
412 625 503 674 autem
518 619 625 675 lucrum
637 619 808 676 adcrescere:
824 621 878 677 hoo
892 625 969 694 quasi
984 623 1097 680 invidiae

122 703 237 776 plenum
256 703 303 776 pio
323 703 445 759 remedio
463 711 651 784 pernoctarem
671 699 914 762 constitutionem²
928 707 1030 784 mederi
1051 725 1098 764 ne·

122 789 274 844 cessarium
288 787 414 846 duximus
430 794 458 844 et
472 789 623 846 invenimus
639 790 724 860 viam,
744 806 795 863 per
815 807 894 864 quam
910 797 937 846 et
952 794 1097 850 manumis-

122 889 173 928 sor
194 880 221 928 et
242 873 333 928 socius
349 873 407 928 mus
423 880 450 928 et
470 875 517 946 qui
538 871 691 930 libertatem
712 876 830 948 accepit,
854 883 949 932 nostro
971 875 1098 933 fruantur

124 955 275 1030 omanem,
302 955 425 1016 libertate
447 975 508 1013 cnm
527 957 626 1013 effectu
650 957 816 1032 procedente
843 957 930 1031 (cidus
952 959 1046 1015 lavore
1069 968 1097 1016 et

123 1043 253 1115 antiquos
274 1041 446 1116 legislatores
468 1041 553 1098 multa
573 1050 601 1098 ot
621 1051 715 1098 contra
735 1059 893 1100 commones
912 1043 1021 1118 regulas
1043 1049 1097 1102 stass

122 1127 212 1182 lauisse
233 1125 482 1182 manifestissimum
504 1125 557 1199 est)
578 1133 605 1182 et
627 1143 676 1198 eo,
703 1129 750 1200 qui
776 1145 834 1184 eam
858 1130 1005 1203 imposuit,
1032 1145 1096 1186 snae

99 1209 292 1266 liberalitatis
313 1208 460 1266 stabilitate
486 1211 621 1285 gaudente
643 1219 671 1270 et
692 1213 767 1280 socio
790 1213 909 1268 indemni
934 1221 1095 1270 conservato

122 1296 298 1368 pretimnqoo
312 1295 384 1352 servi
397 1295 547 1352 secundum
562 1304 666 1369 partem
679 1297 801 1369 dominii,
816 1297 892 1370 quod
907 1313 958 1354 nos
971 1296 1096 1354 definivi·

124 1395 202 1450 mus,
214 1381 375 1453 accipiente.

541 1575 599 1616 mn.
613 1575 680 1616 VIII.

278 1677 414 1742 QUIBUS
433 1679 621 1734 Aminneum
634 1679 746 1730 LICET
770 1680 838 1733 vob
856 1679 941 1730 NON.
957 1677 969 1700 ⁰

189 1794 311 1858 ³rlocidit
325 1787 486 1875 aliquando,
507 1810 538 1858 ut
553 1804 600 1876 qni
615 1803 739 1858 dominus
754 1804 805 1874 sit,
825 1802 941 1859 alienare
955 1821 1012 1860 non
1030 1821 1094 1878 pos·
1111 1821 1146 1861 Pr,

45 1931 48 1938 .
121 1888 159 1942 sit
174 1893 203 1942 et
224 1883 321 1942 ooirtra
343 1888 389 1960 qui
407 1887 534 1943 donnum
554 1889 677 1958 nonsit,
695 1887 852 1944 alienandae
871 1889 912 1944 rei
930 1896 1096 1962 potestatem

121 1970 230 2027 babeat.
258 1987 319 2029 nam
334 1971 425 2027 dotale
439 1971 579 2044 praedium
594 1974 706 2028 maritus
722 1974 805 2028 iuvita
815 1973 927 2028 muliere
941 1989 991 2045 per
1005 1973 1095 2047 legem

121 2055 218 2112 luliam
230 2055 394 2129 prohibetur
409 2055 541 2127 alienare,
567 2057 686 2128 quamvis
708 2057 792 2128 ipsios
810 2057 860 2126 sit,
882 2055 954 2111 dotis
973 2073 1055 2112 cama
1069 2059 1095 2112 ei

121 2140 227 2198 datum.
257 2139 333 2214 qnod
347 2157 414 2211 nos,
429 2141 520 2212 legem
534 2139 627 2196 Iuliam
641 2141 829 2212 corrigentes,
843 2141 872 2194 in
886 2139 1026 2194 nminem
1040 2147 1096 2195 sta

122 2233 183 2280 tum
209 2219 401 2280 Marion*
445 2239 506 2278 oum
526 2225 598 2278 enim
620 2224 663 2278 lex
682 2225 711 2278 in
731 2223 784 2278 soli
804 2221 992 2278 tantummodo
1011 2223 1094 2280 rebus

121 2309 215 2371 lomim
230 2307 360 2380 baberet,
377 2325 445 2382 quae
455 2307 562 2364 Italicae
577 2307 701 2378 inerant,
717 2315 744 2363 et
756 2307 931 2362 alienationes
945 2306 1095 2380 inhibebat,

122 2411 193 2468 quae
213 2395 296 2450 iuvita
317 2394 430 2450 muliere
452 2391 566 2462 fiebant,
595 2393 761 2466 hypothecas
788 2399 878 2448 noem
897 2408 990 2447 omum
1015 2395 1096 2456 etlam

120 2477 250 2534 volente:
270 2479 394 2553 utrisque
409 2476 558 2534 remedium
573 2477 768 2551 imposuimus,
791 2485 823 2533 ut
838 2477 917 2535 etiam
934 2478 1022 2532 ineas
1040 2493 1094 2548 ros,

122 2579 193 2637 quae
214 2565 243 2618 in
262 2558 421 2636 provinciali
437 2561 497 2618 solo
518 2555 624 2636 positae
637 2569 719 2632 sunt,
738 2561 884 2620 interdicta
905 2560 952 2617 flat
969 2562 1094 2618 alienatio

121 2647 166 2703 vel
183 2645 313 2721 obligatio
328 2655 358 2702 et
372 2655 500 2702 neutrum
516 2663 610 2702 eorum
625 2663 716 2720 neque
729 2645 964 2702 coneentientibus
977 2646 1095 2724 molien-

121 2731 174 2788 bns
190 2731 336 2805 procedat,
357 2748 391 2788 ne
411 2747 492 2786 sextu
512 2730 652 2788 muliebris
667 2731 799 2804 fragilitas
820 2732 849 2786 iu
869 2730 1016 2804 perniciem
1031 2728 1094 2784 sub-

123 2817 241 2872 stantiae
255 2822 576 2874 earumconrerteretur.
617 2809 736 2871 5(Ξιιιιῑιε
750 2822 840 2871 autem
856 2813 974 2870 creditor
994 2815 1094 2889 pignus
1114 2830 1127 2878 1

11 2949 12 2952 ,
122 2917 157 2956 ex
170 2902 313 2975 pactione,
329 2902 449 2974 quamvis
465 2901 523 2956 eius
540 2917 570 2958 ea
585 2917 628 2956 res
644 2917 699 2956 non
715 2901 765 2972 stt,
781 2901 897 2956 alienare
911 2906 1013 2974 potest.
1045 2899 1094 2956 sed

121 3050 328 3060 -ῄ

192 3149 211 3213 ¹)
230 3152 268 3202 alo
286 3153 328 3202 ed.
348 3149 424 3204 Scbr.
443 3167 479 3202 ece
496 3151 643 3217 quibusdam
665 3151 742 3201 codd.
761 3165 808 3200 nec
829 3151 907 3204 invito
928 3151 1040 3214 Toeopo.
1060 3149 1095 3212 of.

125 3218 160 3270 L.
178 3219 212 3269 45
227 3235 272 3283 pr.
286 3220 319 3270 D.
340 3221 372 3269 de
384 3221 432 3284 leg.
445 3221 470 3270 2.
488 3219 608 3284 pessimo
626 3218 720 3268 fuerat
737 3217 862 3286 exemplo
886 3234 922 3268 eso
935 3219 1000 3267 'ollis
1018 3217 1094 3266 codd.

124 3287 166 3336 ed.
185 3286 237 3336 Kc.
307 3285 328 3350 ²)
346 3287 379 3336 L.
390 3289 421 3342 ,1.
436 3286 464 3337 O.
482 3289 515 3338 de
533 3303 619 3340 comm.
638 3301 713 3336 aereo
732 3285 765 3349 (⁷,
779 3284 813 3348 7).
881 3283 902 3348 ³)
919 3287 975 3334 init.
989 3303 1023 3326 ==
1039 3283 1094 3335 Gai.

126 3355 150 3413 2,
170 3355 212 3404 62.
231 3355 264 3406 68
280 3362 341 3405 mot.
422 3351 442 3416 4)
461 3355 495 3406 L.
516 3357 539 3404 1.
558 3356 582 3418 9.
603 3355 644 3405 15.
666 3354 744 3404 oue
761 3357 803 3403 ree·
818 3369 895 3404 uxor.
912 3357 965 3404 oet.
986 3351 1019 3413 (b,
1040 3349 1091 3414 13).

124 3419 144 3483 δ)
162 3423 219 3492 init.
237 3443 272 3464 =
291 3423 347 3476 aaa.
366 3425 390 3484 2,
408 3423 442 3474 ol
459 3429 517 3474 mot.
