2486 3916
98 225 100 231 “
157 197 201 262 54
460 213 495 248 nn
515 209 726 248 uousmcnruns
744 195 779 254 ΙΙ,
799 197 822 246 7.

159 363 204 412 tus
226 356 435 410 insinuationem
454 351 514 410 fleri
534 354 643 410 minime
657 351 827 422 desiderant,
847 349 896 406 sed
911 351 939 406 in
953 363 983 404 sc
1004 346 1141 420 pienissi-

158 455 228 496 mam
253 438 354 495 habam
379 437 541 494 breuitatem.
585 437 636 493 alia
663 439 775 511 insuper
802 434 888 492 mrdta
912 433 947 490 ad
975 430 1139 488 uberiorem

159 525 261 580 exitum
281 523 458 580 donatiouem
477 524 644 592 invenimus,
667 537 737 596 quae
758 521 847 576 omnia
862 535 895 576 ex
910 517 1012 574 nostris
1027 515 1139 572 consti·

158 607 325 676 talionibus,
345 623 411 682 quas
433 623 517 682 super
537 607 578 664 bis
593 608 751 681 posuimus,
771 603 924 679 colligenda
938 607 1012 660 sust.
1043 601 1138 656 scien-

158 693 223 748 dum
236 699 329 748 manen
344 700 400 762 est,
417 691 508 766 quod,
523 693 576 748 etsi
590 691 761 766 plenissimae
775 691 830 746 sint
845 687 1022 755 donationes,
1039 692 1139 746 tamen

158 779 182 832 si
197 778 299 850 ingrati
314 778 431 834 emanat
450 777 590 848 homines,
610 777 639 832 in
660 791 729 849 quos
749 772 911 832 mucidum
931 771 1059 829 callebam
1076 775 1137 839 est,

157 859 336 918 donatoribus
356 879 406 935 per
422 869 543 918 nostram
564 851 807 917 comtitntionem¹
828 859 964 914 boantium
983 855 1138 930 praestavi-

157 963 218 1002 mus
239 948 321 1002 certis
342 963 376 1002 es
397 946 484 1002 causis
506 961 550 1000 eas
571 961 714 1015 revocare,
734 960 785 1014 ne,
809 944 856 1018 qui
875 959 938 998 snas
958 941 1046 996 resin
1062 937 1135 994 alios

156 1030 350 1102 ¹contulerunt,
371 1028 403 1085 ab
424 1030 467 1086 bis
489 1029 621 1102 quandam
641 1031 777 1103 patiuntur
791 1028 915 1084 iniuriam
929 1025 974 1082 vei
987 1026 1136 1092 iacturam,

123 1113 308 1171 asennaeum
328 1123 502 1170 enumeratos
517 1115 550 1172 ¹in
569 1121 665 1171 nostra
679 1114 876 1170 constitutione
896 1110 1003 1167 modos.
1038 1107 1088 1162 Est
1106 1113 1136 1162 et

158 1197 231 1254 aliud
252 1215 339 1272 genus
359 1200 432 1256 iuter
453 1199 528 1254 vivos
549 1198 742 1267 donationum,
767 1197 842 1271 quod
862 1195 998 1252 veteribus
1020 1191 1135 1266 quidem

156 1281 337 1356 prudentibus
357 1285 466 1356 penitus
488 1290 545 1338 erat
559 1285 746 1358 incognitum,
767 1289 862 1356 postea
882 1287 1000 1338 autema
1016 1277 1136 1334 iuniori·

156 1365 208 1422 bus
224 1366 292 1423 divis
306 1367 471 1442 principibus
487 1365 673 1424 introductum
689 1375 745 1438 est,
762 1365 835 1440 qnod
850 1372 912 1422 ante
926 1364 1035 1438 nuptias
1051 1377 1134 1416 voca·

156 1449 237 1508 batur
257 1459 285 1508 et
306 1454 413 1508 tacitam
434 1453 462 1508 in
477 1465 514 1508 ¹se
534 1451 720 1509 condicionem
741 1447 871 1520 babebat,
897 1455 928 1504 ut
954 1455 1020 1504 tuuc
1040 1453 1134 1501 ratum

157 1543 246 1606 esset,
269 1553 331 1592 cum
353 1537 552 1592 matrimonium
573 1535 657 1592 inerit
676 1537 844 1592 insecutum:
863 1531 980 1606 ideoque
1001 1538 1065 1587 ante
1079 1547 1134 1585 nu·

155 1621 226 1694 ptias
242 1620 437 1694 appellabatur,
453 1619 528 1694 quod
543 1627 605 1675 ante
619 1619 820 1676 matrimonium
834 1615 1001 1674 efficiebatur
1017 1623 1045 1672 et
1060 1632 1132 1672 nun·

157 1696 257 1776 quam²
282 1712 346 1776 post
366 1703 473 1776 nuptias
497 1702 643 1759 celebratas
664 1703 724 1759 talis
740 1703 851 1760 donatio
869 1699 1043 1777 procedebat.
1079 1699 1131 1755 sed

155 1788 259 1859 primus
275 1787 383 1860 quidem
399 1787 476 1842 divus
490 1787 620 1858 lustinus,
641 1794 843 1861 paternoster,
864 1803 925 1843 cum
940 1785 1034 1860 augeri
1049 1783 1130 1840 dotes

155 1878 184 1926 et
203 1876 268 1942 post
287 1873 395 1944 nuptias
416 1870 505 1927 iuerat
527 1873 705 1945 permissum,
724 1873 750 1928 si
770 1871 835 1946 quid
852 1871 905 1927 tale
920 1871 1025 1939 euenit,
1047 1871 1130 1924 ctiam

154 1960 218 2010 ante
239 1955 345 2028 nuptias
367 1954 542 2012 donationem
562 1957 656 2030 augeri
674 1964 702 2012 ct
722 1963 864 2012 constante
884 1953 1059 2028 matrimonio
1078 1969 1130 2008 sua

154 2031 372 2096 constitutione3
387 2041 524 2114 permisit:
545 2039 594 2096 sed
610 2048 699 2097 tamen
713 2057 813 2097 nomeu
832 2041 1025 2098 inconveniens
1040 2054 1129 2093 rema·

152 2122 246 2193 nebat,
262 2139 324 2180 cum
339 2131 402 2180 ante
416 2126 524 2200 nuptias
539 2125 649 2198 widem
663 2124 818 2196 vocabatur,
833 2133 898 2198 post
912 2125 1020 2198 nuptias
1035 2130 1128 2178 amem

152 2207 208 2264 tale
228 2207 373 2282 accipiebat
393 2210 598 2266 incrementum.
636 2210 686 2266 sad
705 2226 757 2266 uos
776 2209 936 2284 plenissimo
955 2206 1004 2264 iiui
1018 2205 1128 2263 tradere

153 2293 308 2348 sanctiones
330 2295 472 2366 cupientes
493 2301 523 2349 et
543 2296 739 2367 consequentia
757 2295 867 2350 nomina
887 2293 968 2350 rebus
985 2309 1047 2348 esse
1067 2299 1127 2348 stu·

152 2373 265 2444 dentes,
281 2373 504 2448 constituimus,⁴
523 2385 554 2433 ut
569 2377 637 2433 talos
653 2378 813 2435 donationes
828 2393 885 2435 non
900 2385 1053 2452 augeamur
1066 2383 1127 2432 tan·

152 2463 225 2527 tum,
248 2458 297 2514 sed
318 2467 347 2515 et
366 2467 509 2518 constante
531 2462 703 2518 matrimonio
729 2464 835 2520 initium
860 2463 990 2536 accipiant
1015 2469 1044 2518 et
1069 2477 1127 2518 non

152 2548 216 2596 aute
231 2545 354 2616 nuptias,
374 2543 424 2600 sed
443 2551 558 2619 propter
572 2547 680 2619 nuptias
698 2555 831 2606 vocantu
845 2554 874 2603 et
893 2545 1004 2603 dotibus
1026 2547 1056 2602 in
1072 2546 1126 2602 boc

151 2635 352 2700 exaequentur,
377 2635 423 2698 nt,
449 2629 676 2702 quemadmodum
703 2631 782 2687 dotas
807 2639 836 2688 et
860 2639 1004 2688 constante
1032 2631 1126 2686 matri-

150 2713 244 2768 monio
264 2729 321 2772 noa
342 2713 431 2769 solum
452 2723 605 2789 augentur,
624 2715 767 2771 sedetiam
784 2714 869 2786 liunt,
889 2718 927 2772 ita
941 2717 1060 2792 etistae
1075 2715 1125 2771 do-

151 2799 290 2868 nationes,
313 2813 382 2870 quae
401 2806 516 2872 propter
534 2801 642 2874 nuptias
662 2799 834 2858 introductae
853 2809 934 2873 suant,
955 2817 1012 2857 non
1033 2800 1125 2857 solum

149 2880 311 2938 antecedant
325 2883 542 2958 matrimonium,
562 2885 612 2940 sed
627 2886 706 2941 ctiam
721 2901 754 2940 eo
769 2893 910 2942 contracto
927 2893 954 2942 et
969 2894 1124 2961 augeantur

150 2969 179 3017 et
195 2965 405 3022 constituantur.

114 3047 132 3097 4
205 3089 207 3094 .
233 3045 297 3104 Erat
312 3049 376 3105 olim
392 3059 419 3107 et
434 3053 501 3110 alius
517 3053 614 3110 modus
630 3053 715 3110 civilis
735 3054 924 3128 adquisitionis
946 3071 997 3128 per
1018 3056 1061 3110 ius
1077 3053 1123 3110 ad·

148 3131 302 3204 crescendi,
319 3135 393 3208 quod
409 3146 451 3196 est
466 3139 533 3196 tale:
555 3140 579 3194 si
597 3155 766 3195 communem
780 3155 889 3195 servum
904 3138 1007 3196 babens
1024 3139 1122 3213 aliquis

177 3367 180 3371 ·
216 3348 236 3411 ¹)
255 3351 289 3398 L.
309 3354 348 3402 10.
366 3352 396 3402 0.
414 3356 446 3404 de
463 3370 549 3406 revoc.
569 3355 629 3408 don.
647 3355 689 3419 (8,
708 3355 742 3406 tn
759 3357 793 3409 al.
812 3353 867 3418 libi.
937 3353 958 3418 ⁹)
977 3347 1123 3407 eontanas

151 3415 263 3479 Tbeopb.
283 3419 360 3468 codd.
377 3421 456 3484 inser.
475 3435 611 3488 nusquam
628 3424 705 3474 codd.
724 3429 773 3472 oet.
791 3424 850 3474 edd.
869 3421 944 3473 θοὴν.
963 3429 990 3472 et
1010 3423 1062 3474 Kr.
1100 3421 1122 3488 3)

147 3483 181 3531 L.
200 3484 241 3534 tu.
260 3484 289 3535 0.
308 3487 340 3536 de
359 3488 420 3538 dou.
438 3497 498 3541 orate
521 3497 591 3556 nupt.
612 3490 646 3555 (b,
665 3489 701 3553 3).
771 3488 793 3552 4)
810 3491 844 3540 L.
864 3493 905 3544 20.
926 3490 954 3540 0.
973 3491 1034 3544 eod.
