2484 3916
173 181 215 248 92
307 200 342 234 ns
363 191 646 240 rrunrconursssnrts
665 197 895 234 nunnnsaarrnus
914 183 950 245 ΙΙ,
968 183 1009 232 23.

173 343 261 398 minus
277 341 456 415 relinquatur,
472 338 558 396 solida
573 340 662 414 legata
674 337 816 396 debentur.
847 355 898 394 nec
913 355 943 394 ea
957 355 1002 394 res
1015 338 1148 394 damnosa

173 434 216 482 est
230 425 339 496 heredi,
363 426 406 481 cui
426 422 541 480 liberum
562 432 604 481 est
624 441 678 480 nou
700 423 773 480 adire
794 421 986 480 hereditatem:
1007 439 1081 496 quae
1102 441 1147 480 res

173 507 267 581 ellicit,
290 517 320 564 ut
334 525 446 564 necesse
461 509 496 564 sit
510 508 665 584 legatariis,
686 525 721 564 ue
741 507 877 586 destituto¹
893 500 1058 563 testamento
1081 508 1150 563 nihil

140 592 392 668 3consequantur,
419 609 479 649 cum
501 592 602 649 herede
626 595 654 648 in
674 593 801 667 portione
822 593 944 666 panisus
966 591 1033 648 Cum
1056 600 1148 648 autem

172 680 242 735 ratio
257 678 326 754 legis
341 675 473 734 Falcidiae
487 679 615 752 ponitur,
636 685 698 734 ante
713 675 857 734 deducitur
871 693 915 733 aes
931 676 1065 747 alienum,
1082 678 1149 732 item

173 763 277 819 luneris
292 763 413 836 impensa
427 769 455 818 et
464 763 551 836 pretia
566 779 705 819 servorum
718 762 955 833 manumissorum,
971 769 1038 818 tunc
1049 761 1150 818 deinde

172 849 200 904 in
215 847 324 922 reliquo
339 849 377 903 ita
392 847 460 903 ratio
476 845 600 918 habetur,
616 853 648 902 ut
662 863 695 902 ea
711 863 744 902 eo
756 853 851 919 quarta
865 862 927 920 pars
943 845 1013 920 apud
1030 845 1149 902 heredes

174 939 324 1002 remaneat,
346 939 403 986 tres
419 947 481 986 vero
496 937 587 1006 partes
608 933 680 986 inter
700 931 844 1004 legatarios
860 929 1073 1002 distribuantur,
1096 948 1150 1004 pro

174 1027 232 1074 rata
246 1017 349 1073 scilicet
364 1016 491 1090 portione
506 1016 580 1086 eius,
602 1015 676 1090 quod
691 1017 790 1089 cuique
805 1030 901 1071 eorum
916 1014 1036 1090 legatum
1052 1015 1149 1072 luerit.

174 1105 266 1176 itaque
281 1102 304 1156 si
319 1099 464 1174 fingamus,
480 1099 695 1176 quadringentos
710 1115 807 1156 aureos
822 1099 930 1174 legatos
945 1115 1005 1156 esse
1021 1109 1049 1156 et
1064 1101 1150 1174 patri-

145 1200 150 1211 ·
173 1187 257 1243 monii
274 1186 465 1259 quantitatem,
482 1202 514 1241 er
530 1201 582 1258 qua
596 1185 686 1259 legata
701 1185 808 1258 erogari
824 1191 948 1258 oportet,
964 1183 1151 1260 quadringen-

174 1279 265 1328 torum
277 1286 347 1340 esse,
360 1276 456 1342 quarta
467 1286 529 1344 pars
542 1269 657 1344 singulis
669 1269 804 1344 legatariis
816 1268 920 1326 detrahi
932 1267 1021 1326 debet.
1049 1268 1150 1342 quodsi

174 1361 312 1412 trecentos
328 1355 526 1429 quinquaginta
540 1354 647 1429 legatos
662 1352 811 1430 fingamus,
827 1360 920 1410 octava
934 1352 1014 1410 debet
1030 1354 1149 1411 detrahi.

175 1439 274 1516 quodsi
294 1439 460 1514 quingentos
481 1439 629 1516 legaverit,
650 1440 727 1496 initio
752 1440 860 1513 quinta,
876 1437 974 1494 deinde
990 1449 1089 1512 quarta
1104 1439 1152 1495 de·

176 1525 246 1582 trahi
261 1523 356 1581 debet:
378 1531 441 1580 ante
456 1526 526 1582 enirn
541 1517 737 1580 detrabendum
753 1531 811 1595 est,
833 1522 907 1597 quod
922 1531 996 1580 entra
1010 1523 1150 1581 bonorum

176 1611 353 1684 quantitatem
369 1617 422 1682 est,
438 1609 536 1665 deinde
548 1607 622 1684 quod
638 1625 670 1663 en
685 1607 763 1664 bonis
778 1605 849 1682 apud
864 1607 992 1665 heredem
1007 1626 1150 1666 remanere

174 1700 295 1768 oportet.
735 1712 739 1724 ·

585 1885 642 1928 utu.
651 1887 740 1926 xxm

283 1989 340 2040 DE·
352 1989 715 2042 utnntcommlssatttts
734 1991 1044 2044 HEREDITATIBUS.

124 2118 159 2160 Pr·
241 2113 317 2170 Nunc
342 2120 508 2170 transeamus
536 2113 568 2169 ad
590 2112 804 2170 fideicommissa.
841 2122 868 2169 et
893 2115 968 2188 prius
990 2113 1024 2170 de
1042 2114 1151 2172 heredi-

176 2199 277 2255 tatibus
293 2197 548 2256 fideioommissariis
565 2199 709 2255 videamus.

143 2287 157 2334 1
240 2283 384 2340 Sciendum
398 2285 490 2358 itaque
505 2291 562 2354 est,
584 2284 672 2338 omnia
688 2280 893 2338 fideicommissa
907 2283 1001 2357 primis
1015 2287 1150 2358 tempori-

176 2367 226 2422 bns
242 2365 347 2422 infirma
362 2383 433 2438 esse,
450 2369 513 2439 quia
527 2383 607 2421 nemo
622 2367 721 2422 invitus
737 2365 888 2441 cogebatur
902 2375 1040 2442 praestare
1055 2369 1097 2440 id,
1112 2369 1148 2424 de

177 2467 231 2524 quo
251 2458 366 2524 rogatus
387 2459 458 2504 erat:
481 2449 578 2524 quibus
599 2451 669 2505 enim
690 2467 745 2507 non
768 2459 897 2525 poterant
916 2451 1083 2510 hereditates
1106 2453 1149 2509 rel

175 2534 265 2608 legata
279 2533 449 2607 relinquere,
473 2535 496 2588 si
517 2531 721 2607 relinquebant,
742 2533 804 2591 fidei
822 2535 1026 2592 committebant
1041 2525 1149 2607 eorum,

177 2619 224 2692 qui
239 2635 336 2692 capere
351 2635 384 2674 ex
399 2623 562 2674 testamento
578 2625 720 2692 poterant:
742 2625 769 2675 et
789 2619 851 2676 ideo
873 2619 1081 2677 fideicommissa
1102 2639 1149 2696 ap·

176 2703 276 2778 pellata
296 2712 377 2775 suut,
404 2703 466 2776 quia
486 2701 562 2758 nullo
589 2703 697 2759 viuculo
720 2705 803 2776 iuris,
834 2705 883 2761 sed
909 2713 1014 2762 tantum
1040 2706 1149 2780 pudore

176 2805 286 2860 eorum,
308 2789 355 2862 qui
375 2784 557 2860 rogabantur,
579 2787 795 2845 continebantur.
831 2797 927 2863 postea
946 2791 1050 2864 primus
1068 2790 1148 2846 dirus

176 2873 318 2946 Augustus
334 2870 419 2928 semel
433 2873 586 2944 iterumque
601 2874 689 2946 gratia
703 2889 881 2946 personarum
896 2881 1003 2946 motus,
1025 2875 1068 2930 vel
1085 2877 1148 2949 quia

175 2972 224 3030 per
244 2956 329 3029 ipsius
349 2955 463 3011 salutem
483 2963 596 3030 rogatus
618 2958 679 3030 quis
705 2956 856 3030 diceretur,
883 2967 929 3014 aut
955 2957 990 3014 ob
1011 2960 1148 3034 insignem

177 3038 346 3114 quorundam
356 3037 496 3113 perfidiam
510 3042 590 3098 iussit
604 3039 761 3098 consulibus
773 3043 960 3098 auctoritatem
972 3059 1047 3100 suam
1062 3045 1148 3099 inter·

14 3127 15 3130 ’
83 3143 85 3147 ’
176 3139 288 3200 ponere.
320 3123 393 3200 quod
415 3126 477 3198 quia
494 3127 596 3181 iustum
617 3125 756 3182 videbatur
771 3133 799 3182 et
813 3126 944 3200 populare
959 3136 1033 3199 erat,
1055 3128 1148 3202 paula-

175 3211 225 3266 tim
241 3225 401 3267 conversum
417 3217 459 3265 est
473 3210 501 3264 iu
516 3209 653 3266 adsiduam
667 3210 894 3267 iurisdictionem:
912 3218 1056 3285 tantusque
1071 3211 1149 3268 lavor

246 3472 266 3538 1)
284 3495 317 3516 =
338 3474 393 3526 eae.
406 3475 431 3536 r,
450 3475 509 3526 mc.
527 3473 586 3524 aar.
