2484 3916
438 224 474 258 on
493 223 661 260 osurnucru
679 211 715 272 H,
735 213 760 262 4.
1039 211 1081 276 47

177 363 241 419 ldeo
263 372 353 420 autem
374 364 423 420 bae
446 367 592 420 servitutes
613 365 784 439 praediorum
807 367 992 442 appellantur,
1014 386 1082 442 quo·
1100 381 1116 428 3

105 450 183 504 uiam
205 449 264 504 sine
284 447 400 522 praediis
417 451 548 505 constitui
568 467 623 506 non
644 460 770 523 possunt.
808 469 887 507 nerno
904 454 974 508 enim
989 461 1082 526 potest

107 533 271 589 servitutem
286 533 427 605 adquirere
443 533 538 589 urbani
557 533 599 590 vel
619 536 714 590 rustici
734 537 851 609 praedii,
872 538 924 592 nisi
940 539 986 610 qui
1001 537 1082 592 habet

106 616 266 691 praedium,
282 633 332 672 uec
348 618 490 690 quisquam
506 617 619 690 debere,
641 620 693 674 nisi
710 621 756 692 qui
771 619 851 675 habet
866 621 1014 694 praedium.
1053 621 1081 677 Si
1098 622 1115 670 4

109 703 173 774 quis
190 701 254 756 velit
281 702 368 756 vicino
397 701 507 776 aliquod
533 704 576 758 ius
602 705 786 775 constituere,
807 704 977 777 pactionibus
998 703 1082 778 atque

109 785 334 860 stipulationibus
349 785 376 840 id
391 784 500 842 efficere
515 786 605 843 debet.
646 780 761 862 ¹potest
777 787 899 844 etiamid
915 796 1079 846 testamento

110 871 174 944 quis
189 869 317 926 heredem
333 887 412 926 sunm
428 871 568 944 damnare,
584 889 618 927 ne
630 872 712 928 altius
727 865 825 928 aedes²
841 872 936 943 tollat,
952 889 986 928 ne
1001 873 1080 928 lumi·

113 954 194 1010 nibus
221 953 328 1010 aedium
355 956 432 1010 vicini
459 954 574 1012 officiat:
587 971 588 974 ’
601 957 644 1012 vel
669 965 700 1012 ut
721 959 838 1031 patiatur
853 973 915 1012 eom
930 958 1036 1032 tignum
1052 959 1080 1012 in

110 1041 242 1112 parietem
257 1041 401 1095 immittere
414 1029 458 1095 rel
474 1040 638 1096 stillicidium
654 1041 767 1097 habere:
784 1041 826 1098 vel
843 1049 872 1097 ut
886 1042 1003 1114 patiatur
1018 1057 1079 1096 eum

110 1139 162 1196 per
176 1123 289 1179 fundum
305 1125 354 1196 ire,
371 1141 452 1198 agere
467 1141 596 1198 aquamve
611 1143 644 1181 ex
659 1142 692 1182 ec
708 1125 818 1182 ducere.

546 1321 602 1364 nm.
615 1323 655 1362 Π.

445 1426 496 1474 DE
515 1424 746 1476 USUFRUCTU.

189 1538 387 1602 ³Ususfructus
419 1554 462 1602 est
485 1549 528 1603 ius
554 1547 647 1602 alienis
673 1545 754 1602 rebus
777 1545 979 1604 utcudilrueudi
1007 1547 1078 1604 salva
1096 1561 1131 1600 1³1.

110 1647 204 1687 rerum
219 1630 377 1687 substantia.
417 1639 459 1688 est
485 1634 553 1688 enim
580 1634 621 1686 ius
647 1633 827 1706 incorpore:
854 1649 908 1705 que
930 1631 1037 1688 sublato
1054 1640 1081 1688 et

110 1717 203 1788 ipsum
218 1715 278 1770 tolli
300 1731 413 1772 necesse
435 1724 486 1772 est.
524 1715 730 1773 Ususfructusa
750 1718 917 1791 proprietate
932 1718 1113 1791 separatio-l

110 1816 173 1855 nem
188 1799 294 1879 ¹recipit
318 1800 400 1874 idque
425 1797 569 1874 pluribus4
593 1801 679 1858 modis
700 1802 805 1858 accidit.
843 1809 875 1858 ut
894 1819 957 1858 ecee
976 1803 1000 1857 si
1021 1803 1081 1874 quis

110 1885 191 1940 alicui
214 1884 415 1940 usumfructum
435 1885 581 1960 legaverit3
612 1904 673 1942 nam
694 1887 773 1943 heres
794 1887 894 1942 nudam
915 1885 997 1942 babet
1017 1903 1081 1960 pro·

110 1971 271 2044 prietatem,
287 1969 433 2044 legatarius
450 1971 662 2026 usumfructum:
685 1977 713 2026 et
728 1979 822 2027 eontra
838 1971 990 2026 silendum
1006 1971 1081 2044 lega-

111 2056 185 2112 verit
197 2053 315 2110 dedueto
332 2055 486 2126 usufructu,
502 2054 648 2129 legatarius
664 2053 763 2110 nudam
779 2054 859 2110 habet
875 2055 1080 2128 proprietatem,

111 2140 192 2194 heres
209 2155 273 2194 vero
291 2139 503 2195 usumfructum:
528 2141 592 2194 item
609 2139 654 2194 alii
670 2139 885 2208 usumfructum,
901 2138 945 2192 alii
961 2136 1079 2193 deducto

112 2239 146 2280 eo
161 2222 277 2278 fundum
292 2223 382 2297 legare
397 2232 499 2298 potest.
540 2218 618 2280 ⁵sine
639 2231 802 2278 testamento
818 2223 922 2277 verosi
939 2222 1000 2294 quis
1016 2221 1080 2276 velit

112 2307 157 2362 alii
172 2307 373 2364 usumfructum
388 2310 572 2380 constituere,
587 2306 756 2382 pactionibus
773 2315 800 2364 et
816 2305 1037 2380 stipulationibus
1053 2305 1080 2362 id

112 2390 224 2448 efficere
245 2391 334 2448 debet.
379 2411 413 2448 ne
436 2395 572 2448 tamenin
594 2394 749 2448 universum
769 2391 881 2448 inutiles
902 2399 995 2447 esseut
1017 2407 1081 2464 pro·

112 2478 243 2550 prietates
264 2493 371 2550 semper
387 2476 547 2534 abscedente
569 2477 729 2548 usufructu,
754 2478 870 2552 placuit,
891 2477 972 2532 certis
991 2476 1080 2532 modis

112 2561 236 2636 extingui
251 2560 451 2617 usumfructum
467 2561 541 2618 etad
556 2563 751 2636 proprietatem
766 2563 874 2618 reverti.
899 2559 1081 2617 Constituitur
1098 2569 1114 2616 2

113 2656 202 2702 autem
230 2645 404 2702 ususfructus
430 2663 486 2702 non
513 2655 618 2702 tantum
638 2647 666 2702 in
690 2646 775 2702 fundo
798 2655 825 2702 et
840 2645 965 2716 aedibus,
987 2662 1081 2700 verum

113 2731 192 2786 etiam
207 2732 236 2786 in
251 2731 336 2786 servis
352 2738 379 2788 et
394 2732 520 2787 iumentis
533 2733 687 2804 ceterisque
702 2729 795 2802 rebus,
811 2731 929 2804 exeeptis
942 2730 995 2799 his,
1012 2745 1081 2802 quae

112 2817 172 2888 ipso
190 2831 242 2871 usu
257 2825 470 2872 consumuntur:
495 2833 557 2871 nam
572 2833 618 2872 eae
634 2831 724 2888 neque
739 2814 854 2871 naturali
869 2815 974 2870 ratione
989 2829 1080 2888 neque

116 2979 317 2988 ——--—-.——

181 3099 201 3164 ¹)
218 3101 277 3164 fere
295 3121 329 3140 =
347 3101 379 3149 L.
400 3101 441 3150 16.
461 3101 502 3162 Ι).ι
514 3115 599 3150 comm.
617 3099 708 3162 proed.
727 3095 761 3160 (8,
779 3095 806 3159 4)
825 3113 860 3148 eac
880 3099 939 3148 Gaii
955 3101 971 3148 l.
991 3101 1007 3148 2
1024 3113 1078 3149 rer.

113 3175 181 3234 quot.
252 3167 272 3230 ²)
295 3167 405 3232 Tdeoplt.
425 3173 450 3216 et
461 3169 579 3232 plerique
591 3167 669 3217 cedd.
688 3165 772 3214 altius
786 3165 871 3215 aedes
889 3180 954 3216 suas
973 3183 1008 3216 ear
1020 3169 1080 3216 aliie

113 3244 139 3286 et
155 3237 215 3300 Dte.
235 3237 275 3286 ed.
294 3234 368 3286 Scir.
388 3235 472 3284 altius
491 3251 526 3285 eae
546 3233 606 3282 BT·
623 3235 663 3284 ed.
682 3232 732 3283 Kr.
818 3231 839 3294 ⁸)
857 3253 891 3274 =
909 3235 942 3282 L.
963 3235 984 3282 1.
1003 3234 1027 3282 2.
1045 3233 1080 3284 D.

113 3305 145 3354 de
162 3303 254 3366 usufr,
273 3301 306 3366 (t,
328 3301 352 3365 1)
374 3319 409 3352 eae
426 3302 512 3352 Paulli
528 3304 579 3356 l,3
606 3303 643 3352 ad
662 3301 748 3353 Vitett.
776 3307 801 3351 et
819 3300 888 3350 Oetes·
912 3303 929 3349 l.
950 3301 992 3350 18.
1019 3299 1078 3364 Dte.

97 3369 133 3432 ·⁴)
151 3372 189 3420 sie
214 3371 292 3434 infer.
319 3371 394 3420 codd.
421 3377 447 3420 et
463 3371 497 3423 L.
516 3372 532 3420 6
546 3386 591 3435 pr.
616 3370 652 3420 1).
680 3371 712 3419 de
739 3369 822 3430 usufr.
849 3368 888 3432 (7,
908 3365 933 3429 1)
959 3363 1080 3424 πολλοῖς

116 3439 227 3504 Theopl.
247 3438 373 3504 plurimis
391 3438 444 3488 BT
459 3440 501 3488 ed.
520 3437 570 3488 Kr.
658 3433 679 3502 ⁵)
698 3437 722 3497 ἕ.
741 3439 754 3486 1
773 3437 831 3486 dine
853 3442 879 3485 et
896 3435 919 3495 ἕ.
939 3435 954 3482 2
972 3436 1027 3488 init.
1046 3455 1080 3474 =

113 3507 145 3556 L.
166 3509 241 3570 3pr.
260 3507 282 3566 ξ.
303 3507 326 3555 2.
346 3507 380 3558 D.
400 3507 432 3556 de
449 3506 531 3569 usufr.
551 3503 585 3570 (⁷,
606 3504 630 3568 1)
648 3521 684 3554 ex
704 3505 762 3554 Gaii
783 3506 798 3552 l.
819 3505 905 3554 2rer.
925 3507 993 3566 quot.
