2486 3916
169 171 211 237 26
241 190 276 229 nu
290 187 367 224 amu.
380 185 444 224 ritu.
457 189 512 223 vnn
523 188 567 237 no,
582 187 633 230 om
646 187 682 222 ux
693 188 766 224 nsua
781 187 840 226 mu.
851 187 886 222 us
904 187 960 224 rm.
971 185 1035 222 nae.
1053 172 1074 234 1,
1096 174 1140 222 20.

170 331 253 403 Atqui
267 338 382 402 patrono
398 329 521 403 legitimo
537 337 629 385 tutore
644 337 764 400 mortuo,
780 327 857 384 liberi
873 343 982 402 quoque
994 329 1052 384 eius
1067 327 1143 402 legi·

170 415 229 470 timi
243 422 308 470 suut
323 421 443 470 tutores:
460 411 585 487 quoniam
600 411 671 469 lilius
688 412 796 487 quidem
812 411 943 482 defuncti,
959 413 981 468 si
997 429 1053 468 non
1065 422 1143 470 esset

171 517 185 554 a
199 500 260 554 vivo
276 507 354 571 patre
369 499 562 572 emancipatus,
576 507 641 572 post
656 497 759 554 obitum
774 499 833 553 eius
848 498 891 552 sui
905 497 971 552 iuris
984 495 1145 552 efficeretur

171 597 221 639 neo
240 584 268 638 in
289 581 402 638 fratrum
422 589 585 656 potestatem
605 582 738 639 recideret
758 581 875 654 ideoque
895 597 946 637 nec
965 582 993 637 in
1014 579 1143 653 tutelam,

171 665 285 722 libertus
306 674 395 722 autem
415 667 438 721 si
458 683 553 722 servus
574 668 732 738 mansisset,
756 667 851 739 utique
872 664 967 721 eodem
988 666 1047 720 iure
1068 666 1143 763 apud

170 749 271 807 liberos
287 750 389 808 domini
402 758 467 826 post
482 759 598 807 mortem
613 753 676 808 eius
687 751 795 806 futurus
812 756 894 806 esset.
915 751 953 805 ita
967 758 1059 805 tamen
1073 751 1093 805 ii
1109 750 1145 805 ad

171 835 282 892 tutelam
298 843 443 906 vocantur,
465 837 487 890 si
510 835 647 908 perfectae
662 837 756 891 aetatis
772 836 836 890 sint.
873 833 946 907 quod
966 841 1061 890 nostra
1076 851 1146 890 con-

168 913 297 976 stitutio¹
319 919 509 994 generaliter'
502 935 530 975 tn
546 919 669 976 omnibus
690 919 783 976 tutelis
800 927 827 975 et
842 917 1025 974 curationibus
1048 917 1146 975 obser·

172 1005 227 1059 vari
242 1005 388 1078 praecepit.

597 1215 654 1256 m.
666 1216 717 1256 XX.

214 1301 265 1351 Du
284 1301 461 1352 ATILIANO
480 1301 630 1353 TUTORE
649 1301 740 1353 vtttst
758 1301 815 1362 ΕΟ,
836 1301 902 1364 QUI
919 1299 970 1350 EX
987 1298 1096 1350 LEGE.

413 1385 519 1437 IULIA
536 1387 584 1436 ET
602 1387 702 1438 TITIB
721 1385 903 1436 DABATUR.

122 1531 157 1574 Pr.
240 1501 287 1564 ³Si
302 1510 345 1565 cui
360 1508 451 1564 nullus
465 1511 574 1566 omuino
590 1517 667 1566 tutor
681 1508 784 1579 lucrat,
801 1508 825 1562 el
840 1505 953 1562 dabatur
966 1508 994 1563 in
1007 1505 1072 1562 urbe
1083 1508 1146 1580 qui·

173 1593 233 1648 dem
249 1591 332 1650 nonna
346 1610 361 1649 a
375 1600 501 1667 praetore
516 1593 619 1650 urbano
635 1603 663 1649 et
678 1594 779 1648 maiore
799 1599 875 1665 parte
893 1590 1064 1647 tribunorum
1084 1591 1146 1664 ple·

173 1675 214 1732 bis
238 1685 313 1732 tutor
334 1694 367 1733 ex
387 1678 450 1750 lege
465 1677 560 1748 Atilia,
581 1680 609 1734 in
624 1678 770 1752 provinciis
785 1691 850 1732 vero
865 1693 880 1731 a
894 1674 1062 1749 praesidibus
1077 1692 1146 1748 pro·

142 1774 155 1822 1
174 1761 319 1816 vinciarum
331 1777 363 1816 ex
378 1760 440 1834 lege
454 1760 520 1816 lulla
535 1770 562 1817 et
572 1762 649 1816 Titia.
677 1761 731 1816 Sed
746 1768 773 1816 et
788 1761 811 1815 si
826 1767 988 1816 testamento
1004 1767 1080 1816 tutor
1090 1759 1145 1814 sub

174 1843 332 1900 condicione
352 1853 398 1899 aut
419 1844 462 1900 dle
483 1855 557 1901 certo
577 1845 656 1902 datus
677 1844 781 1917 luerat,
804 1843 930 1918 quamdiu
951 1844 1073 1900 condicio
1096 1852 1147 1900 ant

174 1929 231 1984 dies
252 1927 403 2001 pendebat,
424 1945 456 1984 ex
476 1918 569 1985 iisderd
593 1929 699 2004 legibus
719 1936 795 1984 tutor
816 1929 872 1984 dari
891 1936 1008 2002 poterat.
1038 1931 1104 1984 item
1119 1929 1146 1983 si

174 2028 242 2085 pure
264 2012 342 2068 datus
364 2009 483 2084 luerat‚⁴
503 2013 630 2088 quamdiu
650 2031 729 2070 nemo
752 2030 785 2068 er
805 2020 967 2068 testamento
988 2013 1066 2068 heres
1087 2014 1146 2068 eui·

174 2091 294 2168 stehat‚⁵
313 2097 417 2154 tamdiu
437 2114 470 2153 ex
492 2098 587 2154 iisdem
611 2098 718 2172 legibus
745 2106 822 2154 tutor
841 2097 975 2170 petendus
996 2103 1070 2168 erat,
1097 2099 1147 2170 qui

175 2181 313 2237 desinebat
328 2190 405 2238 tutor
420 2199 496 2254 esse,
518 2184 541 2238 si
556 2183 679 2239 condicio
695 2184 825 2238 existeret
839 2188 885 2236 aut
906 2181 962 2238 dies
978 2182 1083 2236 veniret
1097 2189 1147 2236 aut

141 2277 157 2326 2
175 2265 254 2320 heres
267 2267 404 2321 existeret.
434 2265 474 2322 Ab
489 2265 613 2322 hostibus
629 2277 738 2339 quoque
753 2273 845 2321 tutore
860 2273 954 2338 capto,
971 2279 1003 2320 eu
1018 2265 1061 2320 his
1076 2264 1147 2340 legi·

174 2347 225 2403 bus
242 2356 317 2404 tutor
330 2349 490 2422 petebatur,
506 2352 553 2423 qui
568 2350 707 2406 desinebat
722 2366 781 2406 esse
796 2357 883 2421 tutor,
899 2350 970 2421 siis,
987 2350 1032 2422 qui
1049 2357 1146 2422 captus

176 2440 248 2502 erat⁷
274 2433 301 2487 in
322 2433 457 2488 civitatem
483 2449 607 2488 reversus
632 2433 733 2490 luerat:
760 2451 819 2489 nam
846 2449 971 2489 reversus
996 2432 1148 2507 recipiebat

142 2529 157 2577 3
178 2515 288 2571 tutelam
308 2517 368 2572 iure
388 2517 556 2590 postliminii.
594 2517 647 2574 Sed
668 2535 700 2574 ex
720 2519 761 2574 his
783 2517 890 2592 legibus
910 2517 1020 2592 pupillis
1036 2525 1146 2574 tutores

175 2600 313 2656 desierunt
328 2601 400 2672 dari,
420 2609 596 2674 posteaquam
616 2604 703 2675 primo
724 2603 850 2658 consules
870 2601 979 2676 pupillis
1002 2604 1148 2674 utriusque

175 2701 256 2740 sexus
272 2692 377 2740 tutores
393 2701 426 2740 er
438 2687 614 2760 inquisitione
629 2686 692 2742 dare
707 2694 871 2760 coeperunt,
890 2686 987 2742 deinde
1002 2694 1147 2760 praetores

176 2785 208 2824 eu
234 2768 483 2825 constitutionibus.
529 2786 590 2826 nam
616 2787 697 2844 supra
722 2772 829 2844 scriptis
859 2769 966 2844 legibus
991 2787 1082 2843 neque
1112 2769 1149 2826 de

176 2854 301 2908 cautione
317 2871 331 2908 a
346 2853 482 2910 tutoribus
499 2854 630 2930 exigenda
645 2871 702 2910 rem
717 2855 816 2910 salvam
832 2854 941 2927 pupillis
958 2853 1033 2926 lore,
1055 2870 1150 2928 neque

177 2935 210 2990 de
231 2930 424 3010 compellendis
446 2938 581 2994 tutoribus
602 2939 636 2994 ad
661 2939 761 2994 tutelae
781 2937 1041 2994 administrationem
1067 2937 1149 3012 quid·

142 3033 159 3080 4
179 3036 259 3092 quam
274 3029 392 3076 cavetur.
430 3021 483 3078 Sed
504 3024 557 3079 hoc
571 3024 629 3078 iure
646 3025 762 3093 utimur,
783 3030 814 3078 ut
829 3021 927 3077 Iiomae
944 3021 1053 3095 quidem
1068 3039 1149 3096 prae-

247 3249 266 3314 1)
286 3251 318 3300 L.
338 3253 362 3302 5.
381 3252 410 3302 0.
430 3255 462 3304 de
479 3254 549 3318 lepit.
567 3261 612 3307 tut.
633 3254 666 3318 (5,
686 3251 740 3319 30).
799 3251 820 3319 ²)
839 3253 893 3303 BT
909 3258 937 3304 et
955 3256 996 3305 ed.
1016 3253 1093 3305 Sebr.
1113 3269 1150 3304 eac

178 3320 237 3368 aliis
255 3321 332 3370 codd.
413 3319 433 3382 ³)
451 3337 493 3384 pr.
514 3321 554 3382 §d-
575 3325 597 3372 1.
616 3321 756 3372 2.=6a2·.
776 3323 799 3380 1,
820 3323 967 3374 185...1tta
985 3329 1044 3372 mut.
1124 3319 1148 3388 ⁴)

179 3385 265 3434 fuerit
282 3403 318 3437 ex
330 3389 387 3438 aliie
405 3391 479 3439 codd.
499 3391 539 3441 ed.
558 3389 609 3439 Kr.
646 3388 666 3451 ⁵)
684 3391 721 3440 sio
740 3391 840 3454 quidam
857 3391 932 3440 codd.
951 3389 1029 3452 infer.
1044 3391 1150 3440 existat

179 3455 296 3518 plerique
314 3463 340 3506 et
357 3463 405 3506 oet.
425 3457 499 3510 codd.
519 3459 578 3508 edd.
597 3456 673 3509 Salar.
692 3463 717 3506 et
735 3457 787 3509 Kr.
