2486 3916
130 196 174 260 44
405 211 441 246 ns
461 207 558 246 arsura
576 207 724 244 nrrrarona
742 191 781 256 11,
801 195 824 246 1.

130 351 177 410 het
192 352 368 410 substituere.
397 359 472 420 reete
487 351 557 406 enim
574 349 665 408 colere
681 347 761 406 debet
776 356 803 404 et
815 349 892 422 quasi
905 345 992 404 honus
1007 355 1097 421 pater·

131 437 243 494 familias
259 429 327 492 uti.¹

79 532 113 581 39
195 521 365 591 Thesauros,
390 537 459 593 quos
475 521 534 593 quis
550 519 578 574 in
593 535 644 575 sno
659 518 720 574 loeo
736 519 880 588 invenerit,
895 516 971 573 divus
987 516 1097 571 Hadria-

130 619 193 675 nus,
209 605 357 662 naturalem
369 605 533 677 aequitatem
550 612 672 673 secutus,
688 605 712 658 ei
726 603 872 673 concessit,
889 603 934 674 qui
951 602 1094 658 invenerit.

130 689 256 762 idemque
272 690 382 760 statuit,
402 690 425 744 si
441 690 501 762 quis
516 690 544 744 in
560 705 637 744 sacro
653 695 699 742 aut
714 689 741 742 in
756 687 888 761 religioso
903 686 964 742 loco
980 685 1098 740 fortuito

131 790 195 829 casu
220 775 361 830 invenerit.
404 782 431 829 at
456 775 480 828 si
506 772 566 846 quis
591 774 620 828 in
646 772 733 830 alieno
757 771 819 827 loeo
844 787 898 826 non
920 770 981 826 data
996 769 1099 825 adhoc

132 874 229 932 opera,
244 857 293 914 sed
309 857 424 914 fortuitu
440 858 588 927 invenerit,
605 856 741 912 dimidium
757 855 868 911 domino
883 854 935 911 soli
950 855 1096 910 concessit.

131 950 159 998 et
174 944 384 1012 convenienter,
407 943 429 996 si
451 943 510 1014 quis
527 942 555 996 in
570 939 689 997 Caesaris
710 940 772 996 loeo
787 940 936 1010 invenerit,
958 937 1097 994 dimidium

130 1028 290 1098 inventoris,
307 1025 445 1082 dimidium
457 1024 576 1080 Caesaris
591 1041 652 1080 esse
663 1027 768 1080 statuit.
806 1025 850 1080 oui
864 1024 1028 1079 conveniens
1045 1031 1098 1091 est,

131 1105 179 1166 et²
195 1113 217 1166 si
233 1111 293 1183 quis
305 1111 333 1164 in
348 1109 456 1182 publico
472 1109 533 1164 loeo
546 1109 588 1164 vel
603 1107 686 1165 fiscali
696 1110 844 1179 invenerit,
860 1107 998 1164 dimidium
1012 1107 1098 1180 ipsius

132 1209 207 1262 esse,
223 1192 362 1250 dimidium
377 1192 435 1250 sisoi
451 1193 493 1249 vel
509 1194 633 1250 civitatis.

79 1284 112 1332 40
196 1270 266 1332 ³Per
280 1277 453 1334 traditionem
469 1294 578 1352 quoque
593 1279 653 1332 iure
668 1276 783 1332 naturali
798 1293 842 1332 res
857 1274 935 1332 nohis
951 1275 1099 1348 adquirun-

132 1369 190 1418 tur:
216 1361 283 1418 nihil
304 1363 376 1418 enirn
396 1371 450 1418 tam
465 1363 629 1418 conveniens
653 1370 695 1417 est
714 1361 829 1418 naturali
850 1361 993 1434 aequitati,
1016 1375 1097 1433 quam

130 1445 297 1504 voluntatem
312 1445 426 1518 domini,
442 1447 558 1504 volentis
573 1463 631 1502 rem
646 1463 722 1501 suam
738 1447 766 1502 in
783 1445 864 1501 alium
879 1443 1037 1514 transferre,
1054 1459 1098 1498 ra·

130 1539 184 1586 tam
200 1529 302 1588 haberi.
341 1538 369 1588 et
384 1531 446 1588 ideo
467 1533 662 1604 cuiuscumque
684 1531 793 1604 generis
813 1531 848 1585 sit
869 1527 1017 1602 corporalis
1038 1545 1096 1598 ros,

131 1614 201 1670 tradi
215 1622 310 1688 potest
325 1623 353 1670 et
369 1633 383 1670 a
398 1613 509 1672 domino
531 1615 628 1670 tradita
643 1615 783 1670 alienatur.
814 1617 906 1688 itaque
921 1611 1098 1686 stipendiaria

131 1715 241 1770 quoqne
257 1705 285 1752 et
300 1697 441 1754 tributaria
456 1699 564 1772 praedia
580 1698 676 1754 eodem
691 1699 772 1755 modo
788 1699 947 1754 alienantur.
965 1705 1098 1752 vocantur

131 1789 220 1837 autem
246 1781 420 1854 stipendiaria
446 1791 473 1838 et
493 1781 633 1837 tributaria
654 1781 777 1855 praedia,
805 1799 873 1856 quae
896 1784 923 1837 in
949 1782 1096 1854 provinciis

130 1872 211 1934 sunt,
238 1867 310 1920 inter
332 1881 400 1937 quae
426 1881 477 1920 neo
502 1882 558 1922 non
573 1865 663 1922 Italica
684 1866 793 1940 praedia
808 1885 840 1922 er
856 1873 949 1922 nostra
963 1867 1097 1921 eonstitu-

78 1956 109 2003 41
130 1942 225 2006 tione*
240 1949 314 2004 nulia
329 1948 478 2006 differentia
493 1957 544 2005 est.
583 1949 635 2006 Sed
652 1952 675 2006 si
687 1949 795 2024 quidem
810 1967 930 2006 excausa
943 1950 1096 2005 donationis

130 2041 177 2090 aut
202 2033 274 2090 dotis
300 2041 346 2088 aut
374 2033 494 2107 qualibet
519 2034 570 2092 alia
595 2051 628 2090 ex
643 2051 724 2090 causa
745 2035 901 2105 tradantur,
928 2035 986 2090 sine
1013 2033 1095 2088 dubio

129 2117 346 2176 transferuntur:
362 2119 485 2176 venditae
500 2135 564 2176 vero
581 2127 608 2175 et
623 2119 736 2176 traditae
752 2136 807 2176 non
828 2119 906 2174 aliter
921 2120 1035 2191 emptori
1051 2117 1096 2172 ad·

131 2203 293 2274 quiruntur,
310 2219 389 2276 quam
405 2205 428 2258 si
443 2205 466 2258 is
476 2203 612 2260 venditori
627 2205 745 2276 pretium
760 2203 873 2259 solverit
888 2202 931 2258 vel
945 2203 997 2258 alio
1013 2201 1095 2256 modo

130 2287 155 2341 ei
176 2287 355 2356 satisfecerit,
382 2287 466 2342 veluti
487 2289 686 2360 expromissore
706 2295 752 2344 aut
772 2289 889 2362 pignore
911 2285 983 2343 dato.
1022 2285 1096 2358 quod
1151 2331 1153 2333 .

130 2376 239 2424 cavetur
254 2369 363 2441 quidem
377 2371 458 2426 etiarn
481 2371 542 2443 lege
563 2369 705 2428 duodecim
720 2371 886 2428 tabularum:
916 2378 1006 2426 tamen
1019 2379 1096 2426 reete

130 2451 228 2508 dicitur
244 2459 271 2506 et
286 2453 346 2510 iure
362 2455 501 2526 gentium,
516 2453 544 2509 id
559 2463 601 2510 est
615 2455 674 2512 iure
689 2456 819 2527 naturali,
835 2455 863 2512 id
879 2453 959 2512 effici.
983 2455 1031 2510 sed
1047 2448 1096 2526 et⁵

130 2537 153 2590 si
168 2536 207 2606 is,
223 2537 270 2608 qni
286 2535 421 2607 vendidit,
445 2535 525 2593 fidem
546 2540 677 2612 emptoris
698 2548 809 2596 secutus
825 2541 924 2611 suerit,
950 2539 1093 2596 dicendum

78 2626 111 2672 42
130 2627 188 2690 est,
205 2621 294 2676 statim
309 2637 366 2676 rem
382 2623 512 2694 emptoris
528 2620 596 2678 fieri.
634 2616 724 2680 6Nihil
745 2632 834 2680 autem
854 2626 986 2696 interest,
1003 2631 1093 2678 uuum

78 2711 111 2760 43
129 2704 186 2776 ipse
202 2704 326 2760 dominus
343 2705 429 2762 tradet
450 2706 529 2762 alicui
545 2723 618 2778 rem,
640 2725 673 2764 an
694 2708 833 2765 voluntate
849 2709 906 2765 eius
923 2708 999 2764 alius.
1038 2706 1095 2774 Qua

129 2789 251 2860 ratione,
274 2790 296 2844 si
312 2791 355 2846 oui
370 2788 454 2846 libera
469 2791 644 2864 negotiorum
660 2792 855 2850 administratio
872 2811 885 2848 a
908 2793 1017 2848 domino
1032 2807 1095 2866 per-

198 3065 217 3134 1)
236 3070 306 3118 Huic
328 3071 431 3120 lectioni
447 3073 555 3122 mommo
576 3072 649 3134 favet
673 3073 786 3136 Thespii.
808 3074 850 3122 uti
871 3074 955 3124 debet
978 3073 1033 3124 ΑΤ
1052 3075 1093 3123 ed.

127 3135 179 3186 Kr.
199 3142 329 3201 utromque
348 3153 394 3190 om.
413 3137 439 3186 B
461 3141 501 3190 ed.
527 3138 600 3191 Sada.
682 3137 702 3202 ²)
721 3140 767 3189 Ena
794 3141 1093 3205 dampnumque

128 3204 186 3251 edd.
258 3203 278 3266 ³)
296 3205 353 3254 init.
371 3226 405 3245 =
422 3207 455 3256 L.
474 3209 501 3256 9.
519 3206 543 3265 ἕ.
562 3209 586 3256 3.
605 3207 638 3255 D.
657 3208 689 3256 de
708 3223 764 3272 neq.
784 3223 837 3256 rer.
857 3210 922 3260 dom.
941 3208 991 3270 (41,
1012 3207 1039 3270 1)
1057 3224 1094 3258 eae

130 3265 188 3320 (tati
210 3275 225 3320 l.
245 3273 260 3320 2
284 3287 337 3320 rer.
361 3279 428 3337 quot.
514 3269 536 3339 4)
555 3275 588 3326 L.
612 3291 653 3324 un.
674 3273 700 3323 Ο.
724 3276 756 3324 de
778 3290 847 3324 usne.
871 3275 966 3338 traaas.
986 3276 1020 3337 (7,
1039 3274 1092 3337 31).

127 3335 147 3397 ⁶)
166 3353 201 3386 em
222 3337 333 3402 Theopln
352 3329 510 3392 κάνταῦθα
523 3345 549 3390 et
566 3347 642 3392 antea
655 3336 683 3391 εἰ
694 3334 727 3392 δὲ
740 3337 791 3391 καὶ
803 3357 854 3391 see.
876 3342 952 3392 Febr.
972 3341 1021 3392 sed
1036 3347 1092 3406 pte·

126 3405 200 3468 rique
218 3407 294 3459 codd.
313 3408 371 3456 edd.
390 3408 465 3461 Sekr.
490 3414 515 3458 et
533 3407 583 3458 Kr.
655 3403 676 3472 θ)
695 3409 734 3468 ἐξ.
752 3409 868 3460 42...4s
884 3410 943 3471 sere
961 3429 994 3450 =
1012 3409 1045 3458 L.
1066 3411 1092 3462 9.

130 3471 170 3531 55.
188 3473 281 3524 4...7.
300 3473 333 3524 D.
354 3477 385 3524 de
404 3491 461 3540 aeq.
479 3491 534 3526 rer.
553 3477 618 3526 dom.
638 3475 688 3539 (41,
709 3474 733 3538 1)
753 3491 787 3525 aaa
808 3475 866 3526 Gaii
882 3479 899 3529 l.
917 3478 933 3525 2
950 3492 1004 3529 rer.
1024 3481 1094 3541 quot.
