2484 3916
395 241 431 278 ou
451 241 647 278 cuntramnus
667 229 750 291 1‚23.
1013 225 1055 288 29

84 387 170 442 fuerit
185 393 289 459 eaptus.
323 377 394 440 ¹Sed
409 392 437 440 et
451 386 475 440 si
490 401 578 458 usque
599 383 631 440 ad
652 393 752 440 certam
768 382 955 440 condicionem
977 382 1054 438 datus
1073 393 1089 442 2

83 473 122 527 sit
147 476 327 541 testamento,
347 485 432 543 aeque
453 471 558 540 evenit,
578 477 609 526 ut
630 468 733 524 desinat
749 485 810 525 esse
830 477 907 525 tutor
922 469 1055 524 existente

4 553 5 556 ’
84 555 256 612 condicione.
293 552 378 610 Simili
398 553 479 610 modo
501 551 594 608 finitur
610 552 695 610 tutela
710 562 799 608 morte
816 553 858 608 vel
873 561 997 608 tutorum
1012 551 1055 608 vel
1073 563 1089 610 3

84 639 262 714 pupillorum.
304 638 357 695 Sed
378 646 405 694 et
428 639 522 712 capitis
548 638 733 694 deminutione
759 638 875 708 tutoris,
901 653 951 711 per
977 648 1090 710 quamt

84 723 196 779 libertas
211 723 254 780 vel
270 724 362 780 civitas
378 723 436 779 eius
452 724 600 794 amittitur,
622 723 709 779 omnis
731 721 815 778 tutela
832 722 912 796 perit.
949 721 1056 777 minima

83 815 175 864 autem
191 808 285 881 eapitis
300 807 485 864 deminutione
505 808 621 878 tutoris,
644 806 727 862 veluti
746 808 770 862 si
784 823 814 862 se
834 807 861 861 in
883 805 1056 878 adoptionem

85 892 208 964 dederit,
234 893 355 967 legitima
374 899 480 947 tantum
501 891 587 948 tutela
611 893 698 966 perit,
725 899 831 947 ceterae
851 907 906 946 non
928 897 1054 962 pereunt.

86 975 143 1032 Sed
165 976 261 1050 pupilli
281 985 309 1032 et
332 976 451 1050 pupillae
477 977 571 1050 eapitis
596 977 762 1046 deminutio,
786 975 850 1031 licet
876 974 985 1030 minima
1010 974 1055 1042 sit,

86 1077 182 1116 omnes
201 1061 300 1116 tutelas
321 1060 404 1116 tollit.
440 1059 581 1116 Praeterea
602 1063 649 1134 qui
667 1060 701 1116 ad
721 1067 825 1116 eertum
845 1066 953 1132 tempus
974 1063 1091 1118 testa-5

85 1153 181 1201 mento
197 1144 295 1201 dantur
310 1152 432 1217 tutores,
454 1143 530 1200 finito
547 1161 596 1217 eo,
612 1145 753 1218 deponunt
767 1144 891 1200 tutelam.
926 1142 1057 1198 Desinunt
1075 1155 1091 1202 6

85 1237 179 1285 autem
194 1246 253 1285 esse
273 1237 396 1301 tutores,
418 1230 464 1304 qui
485 1229 527 1285 vel
543 1237 718 1285 removentur
732 1245 747 1284 a
762 1229 848 1284 tutela
863 1227 897 1284 ob
918 1227 960 1298 id,
983 1225 1057 1300 quod

85 1315 209 1387 suspecti
228 1315 278 1370 visi
298 1322 377 1386 sunt,
402 1313 445 1370 vel
465 1331 497 1370 er
517 1315 588 1369 iusta
608 1329 688 1370 causa
707 1329 768 1370 sese
789 1320 918 1368 excusant
938 1321 965 1367 et
988 1328 1056 1366 onus

85 1397 312 1454 administrandae
332 1399 434 1455 tutelae
454 1397 597 1472 deponunt
617 1397 765 1454 seeundum
786 1413 831 1468 ea,
854 1413 922 1470 quae
943 1395 1056 1452 interius

85 1499 282 1556 proponemus.

465 1662 522 1702 um.
535 1661 624 1702 XXIII.

403 1765 453 1816 DE
473 1763 741 1817 CURATORIBUS.

153 1904 262 1961 Masculi
283 1904 399 1978 puberes
421 1912 448 1960 et
469 1904 582 1962 feminee
602 1907 780 1978 viripotentes
802 1920 888 1978 usque
908 1903 941 1958 ad
961 1903 1055 1958 ricosi-
1073 1911 1108 1950 Pr.

86 2007 162 2046 mum
178 1991 302 2063 quintum
317 2005 417 2045 annum
432 1989 597 2063 completum
612 1997 751 2046 curatores
767 1990 915 2062 accipiunt3
934 1989 980 2060 qui
995 1986 1057 2042 licet

87 2074 206 2149 puberes
226 2075 297 2146 sint,
318 2073 405 2130 adbuc
425 2081 513 2130 tamen
530 2075 610 2131 buius
626 2074 720 2130 aetatis
735 2082 814 2144 suut,
838 2081 867 2127 ut
883 2072 993 2144 negotia
1009 2085 1057 2124 sua

86 2159 161 2216 tueri
181 2159 373 2232 nonpossint.
415 2158 516 2214 Dantur
536 2165 624 2214 autern
645 2164 784 2214 curatores
806 2156 838 2211 ab
858 2154 954 2210 iisdem
974 2154 1057 2226 magi·
1079 2164 1088 2208 1

88 2241 235 2315 stratibus,
257 2261 271 2298 a
291 2241 389 2317 quibus
410 2250 438 2299 et
457 2250 574 2298 tutores.
620 2241 668 2297 sed
691 2247 801 2296 curator
820 2245 983 2296 testamento
1001 2253 1057 2292 non

87 2328 183 2399 datur,
205 2326 253 2384 sed
273 2328 351 2384 datus
373 2325 549 2384 confirmatur
568 2327 679 2382 decreto
701 2327 834 2400 praetoris
851 2323 894 2380 vel
915 2321 1055 2398 praesidis.

86 2411 155 2468 item
176 2413 253 2468 inviti
274 2411 460 2470 adulescentes
482 2420 620 2468 curatores
640 2427 696 2468 nou
717 2411 851 2484 accipiunt
870 2416 1058 2484 praeterquam
1076 2422 1091 2468 2

88 2497 225 2553 in'litem:
247 2504 357 2553 curator
376 2497 447 2552 enim
463 2505 491 2552 et
506 2493 538 2552 ad
553 2503 653 2552 certam
669 2511 776 2552 causam
792 2495 849 2551 dari
869 2501 971 2570 potest.
1007 2491 1059 2547 ru·
1078 2507 1093 2554 3

88 2583 155 2637 riosi
176 2597 286 2655 quoque
308 2589 335 2637 et
353 2581 478 2656 prodigi,
507 2581 570 2638 licet
591 2582 705 2636 maiores
726 2582 822 2655 viginti
842 2581 962 2654 quinque
983 2579 1058 2632 annis

89 2667 160 2738 sint,
182 2673 272 2722 tamen
291 2667 319 2722 in
342 2660 481 2723 curatione
502 2673 567 2721 sunt
586 2665 766 2740 adgnatorum
787 2682 819 2720 er
839 2665 901 2739 iege
917 2661 1057 2719 duodecim

89 2749 251 2806 tabularum.
283 2750 331 2806 sed
351 2750 443 2806 solent
457 2748 555 2806 Romae
580 2749 732 2824 praefectus
754 2749 827 2805 urbis
848 2749 890 2804 vei
905 2754 1016 2821 praetor
1032 2755 1060 2802 et

89 2837 117 2890 in
132 2835 279 2908 provinciis
295 2834 433 2908 praesides
449 2851 481 2890 es
501 2836 678 2909 inquisitione
694 2835 732 2890 eis
748 2834 811 2890 dare
827 2840 975 2890 curatores.
1006 2829 1059 2886 Sed
1077 2840 1093 2886 t

89 2927 117 2975 et
132 2927 224 2976 mente
240 2921 325 2994 captis
341 2928 369 2976 et
383 2919 473 2976 surdis
494 2927 522 2976 et
536 2921 619 2976 mutis
641 2927 668 2976 et
690 2921 737 2992 qni
756 2917 851 2974 morbo
872 2924 1006 2992 perpetuo
1023 2915 1059 2972 la-

89 3003 203 3076 borant,
230 3006 292 3078 quia
317 3003 399 3060 rebus
426 3005 482 3060 suis
508 3021 653 3078 superesse
678 3020 735 3060 non
760 3011 892 3078 possunt,
919 3009 1058 3058 curatores

89 3087 172 3144 dandi
188 3097 262 3146 sunt.
290 3087 429 3146 interdum
443 3097 533 3145 autem
555 3096 582 3145 et
597 3087 694 3163 pupilli
707 3096 847 3144 curatores
863 3088 1013 3161 accipiunt,
1029 3092 1058 3140 ut
1078 3095 1095 3142 5

89 3181 157 3246 puta
172 3174 196 3228 si
211 3173 348 3248 legitimus
370 3182 446 3230 tutor
466 3190 521 3229 non
537 3176 572 3232 sit
587 3173 716 3245 idoneus,
738 3175 800 3247 quia
816 3171 925 3229 habenti
940 3178 1059 3227 tutorem

89 3265 168 3312 tutor
190 3257 247 3313 dari
267 3275 322 3314 non
342 3266 443 3331 potest.
480 3259 545 3314 item
566 3261 589 3314 si
609 3266 771 3314 testamento
794 3257 871 3314 datus
893 3264 969 3312 tutor
990 3255 1060 3310 vela

88 3350 218 3414 praetore
239 3343 282 3397 vel
301 3358 317 3398 a
336 3342 459 3416 praeside
480 3341 594 3399 idoneus
616 3359 671 3399 non
691 3345 727 3398 sit
747 3343 780 3398 ad
801 3339 1059 3398 administrationem

179 3487 185 3495 ι

161 3523 181 3587 ¹)
193 3545 228 3566 =
240 3525 272 3582 la.
288 3526 328 3577 14.
351 3525 375 3586 ἕ.
389 3526 413 3575 5.
433 3525 465 3573 D.
478 3527 510 3575 de
523 3527 592 3574 tutet.
610 3521 662 3590 (26,
682 3524 706 3587 1)
726 3539 761 3574 ece
781 3523 838 3586 Uip.
858 3524 874 3573 t.
894 3522 926 3570 st
945 3520 981 3568 ud
998 3517 1058 3568 Sao.
