2486 3916
83 228 197 273 orrens
215 228 270 264 ron
289 227 339 264 ssu
357 229 519 265 rennrssun
539 231 724 268 resrunsura
743 231 852 268 namna
871 217 907 282 11,
928 219 968 268 12.
1016 215 1058 281 65

514 399 570 440 nn'.
585 401 637 441 XIL

79 499 227 564 oureus
246 500 323 551 uon
340 497 408 550 ser
421 483 892 555 PERMISSUMTESTAMENTA
904 499 1058 557 rucene.

149 623 212 678 Non
226 630 317 680 tamen
332 622 456 680 omnibns
471 624 534 682 licet
549 623 637 680 lacere
652 631 854 682 testamentum.
878 629 971 684 statim
985 630 1056 685 enirn
1073 643 1108 701 er.

80 700 143 778 bi,¹
163 709 211 781 qui
224 707 312 764 alieno
334 708 387 763 iuri
407 707 522 766 subiecti
537 715 618 780 sunt,
639 711 795 765 testamenti
810 709 922 767 faciendi
942 714 985 768 ius
1001 731 1056 770 non

80 792 198 857 habeut,
214 781 407 865 adeo-quidem
422 800 468 864 ut,
484 795 603 867 quamvis
619 802 744 867 parentes
761 795 799 850 cis
814 798 1001 869 permiserint,
1017 800 1057 853 ni·

79 877 144 932 hilo
161 877 246 950 magis
262 877 320 932 iure
336 879 428 932 testari
444 879 565 951 possint:
588 879 707 952 exceptis
722 879 782 950 bis,
805 895 874 953 quos
898 888 976 936 antee
992 898 1057 937 enu-

79 962 249 1016 meravimus
271 969 298 1016 et
318 963 462 1035 praecipue
482 961 627 1033 militibus,
648 965 694 1036 qui
715 964 743 1018 in
764 971 901 1038 potestate
915 975 1057 1038 parentum

77 1053 164 1116 sunt,
181 1044 280 1119 quibus
295 1045 328 1100 de
344 1061 388 1115 eo,
401 1045 475 1120 quod
490 1047 517 1102 in
529 1047 623 1103 castris
635 1047 823 1121 adquisierint,
840 1051 1004 1124 permissum
1015 1041 1056 1106 es't

79 1147 122 1186 ea
136 1128 378 1186 constitutionibus
399 1131 551 1204 principum
566 1138 759 1188 testamentum
779 1133 876 1190 lacere.
909 1134 983 1208 quod
999 1136 1057 1208 qni·

78 1214 150 1270 dem
171 1215 250 1270 initio
271 1220 376 1270 tantum
396 1214 573 1272 militantibus
595 1215 686 1272 datum
707 1225 749 1272 est
771 1225 824 1274 tam
847 1235 880 1274 ei
895 1220 1056 1276 auctoritate

77 1299 143 1354 divi
158 1299 274 1372 Augusti
289 1314 368 1371 quam
383 1299 485 1356 Nervae
499 1315 550 1356 uec
564 1317 620 1356 non
635 1302 730 1374 optimi
750 1302 920 1376 imperatoris
936 1303 1055 1372 'lraiani3

80 1389 186 1456 postea
199 1399 263 1438 vero
278 1381 478 1458 subscriptione
498 1383 551 1440 divi
567 1383 693 1441 lladriani
713 1387 793 1442 etiam
814 1386 930 1444 dimissis
951 1387 1055 1458 militia,

82 1466 118 1522 id
135 1474 177 1522 est
190 1469 319 1524 veteranis
341 1485 500 1525 conoessum
522 1476 572 1524 cst.
608 1469 700 1542 itaque
721 1471 744 1524 sl
766 1470 874 1544 quidem
895 1470 1008 1526 iecerint
1023 1471 1057 1528 de

79 1553 220 1608 castrensi
238 1551 346 1625 peculio
366 1560 575 1624 testamentum,
598 1551 748 1627 pertinebit
765 1555 819 1610 hoe
834 1554 865 1610 ad
882 1571 959 1624 eum,
976 1571 1055 1628 quem

83 1635 216 1692 heredem
229 1636 403 1711 reliquerint:
420 1639 443 1693 si
458 1653 523 1694 vero
538 1639 661 1696 intestati
676 1637 851 1710 decesserint,
866 1639 948 1695 nullis
963 1637 1055 1696 liberis

82 1720 130 1776 vel
144 1719 278 1778 inanibus
299 1721 508 1796 superstitibus,
528 1723 561 1778 ad
582 1730 707 1796 parentes
731 1739 826 1780 eorum
845 1725 905 1780 lure
920 1725 1056 1781 communi

82 1803 243 1878 pertinebit.
274 1801 552 1881 emboc'intellegere
567 1823 730 1881 possumus,
752 1808 826 1882 quod
845 1809 874 1866 in
894 1811 989 1866 castris
1010 1809 1056 1865 ad-

83 1890 212 1963 quisierit
226 1890 313 1961 miles,
330 1891 376 1964 qui
389 1891 417 1946 in
428 1898 565 1964 potestate
579 1893 663 1966 patris
678 1901 730 1964 est,
742 1910 832 1967 noque
846 1895 936 1967 ipsum
951 1902 1056 1968 patrem

82 1973 205 2029 adimere
224 1989 306 2048 posse
327 1991 417 2048 neque
442 1977 525 2049 patris
552 1976 701 2032 creditores
729 1977 758 2033 id
778 1977 894 2034 vendere
915 1978 959 2033 vel
979 1978 1056 2034 aliter

82 2059 238 2131 inquietare
257 2075 362 2133 neque,
377 2068 454 2134 patre
468 2067 593 2130 mortuo,
609 2077 670 2116 cum
685 2060 812 2116 iratribus
828 2077 888 2116 esse
903 2077 1055 2132 commuue,

82 2143 134 2198 sed
151 2142 255 2200 scilicet
269 2145 409 2218 proprium
425 2145 482 2200 eius
497 2143 619 2215 esseid,
639 2144 712 2218 quod
732 2145 870 2200 incastris
886 2144 1053 2216 adquisierit,

83 2243 250 2301 quamquam
265 2229 323 2284 iure
338 2229 407 2284 civili
423 2229 553 2298 omnium,
571 2229 659 2301 quiin
673 2235 811 2302 potestate
826 2236 967 2302 parentum
980 2236 1054 2299 sunt,

82 2311 191 2386 peculia
205 2311 319 2385 perinde
333 2314 360 2368 in
376 2313 454 2370 bonis
469 2320 613 2388 parentum
627 2319 830 2386 computantur,
846 2313 900 2368 acsi
915 2327 1056 2390 servorum

83 2396 192 2470 peculia
207 2398 235 2452 in
249 2395 328 2453 bonis
339 2397 510 2454 dominorum
526 2405 716 2454 numerantur:
732 2398 851 2472 exceptis
866 2396 991 2454 videlicet
1002 2397 1055 2470 his,
1073 2457 1075 2462 ,

85 2497 156 2554 quae
172 2497 205 2537 ex
220 2483 302 2538 sacris
323 2475 587 2550 constitutionibus²
608 2490 635 2538 et
655 2483 799 2558 praecipue
819 2483 922 2538 nostris
942 2491 1057 2556 propter

83 2565 206 2621 diversas
221 2583 315 2623 causas
330 2583 386 2623 non
401 2567 591 2642 adquiruntur.
622 2575 730 2641 praeter
752 2567 802 2622 bos
823 2567 923 2642 igitur,
946 2569 993 2640 qui
1014 2583 1056 2622 ca·

83 2657 193 2706 strense
207 2651 343 2724 peculium
356 2652 398 2708 vel
414 2653 491 2726 quasi
503 2659 641 2708 castrense
653 2651 762 2722 babent,
777 2653 800 2707 si
812 2653 872 2726 quis
887 2651 955 2706 alius
970 2649 1055 2706 lilius-

82 2734 199 2792 lamilias
218 2743 412 2792 testamentum
433 2736 543 2810 lecerit,
566 2738 661 2793 inutile
682 2743 739 2810 est,
755 2737 818 2793 licet
832 2751 896 2792 suae
911 2734 1054 2808 potestatis

82 2818 172 2876 lactus
195 2819 352 2878 decesserit.
387 2820 531 2878 Praeterea
550 2827 743 2878 testamentum
763 2821 852 2878 lacere
866 2835 922 2876 non
936 2827 1086 2894 possuntt

81 2904 250 2978 impuberes,
267 2906 446 2980 quianullum
458 2921 553 2962 eornm
564 2908 644 2962 animi
658 2905 786 2962 iudicium
796 2913 851 2968 est;
867 2905 933 2962 item
948 2903 1054 2976 furiosi,

82 2990 150 3062 quia
169 2997 261 3046 mente
281 2999 382 3048 carent.
417 3008 469 3049 nec
490 2992 523 3047 ad
543 3008 602 3048 rem
622 2992 756 3066 pertinet,
778 2991 802 3046 si
821 2988 944 3065 impubes
959 2997 1056 3064 postea

80 3073 171 3148 pubes
187 3073 275 3130 lactus
295 3085 342 3132 ant
363 3076 484 3134 furiosus
505 3083 601 3151 postea
622 3079 734 3150 compos
756 3076 854 3132 mentis
870 3074 957 3132 faetus
973 3074 1055 3132 luerit

79 3167 111 3215 et
134 3159 298 3241 decesserit.
323 3161 420 3223 furiosi
442 3169 532 3218 autem
552 3163 575 3216 si
595 3178 644 3235 per
664 3159 691 3216 id
713 3168 821 3234 tempus
841 3159 957 3217 iecerint
972 3167 1054 3216 testa·

78 3291 291 3300 ——-——-

153 3374 174 3438 1)
194 3377 241 3442 qui
323 3378 431 3443 possint
446 3379 505 3441 sere
517 3359 551 3419 ἐι
563 3377 595 3430 L.
615 3377 631 3426 6
646 3394 689 3442 pr.
707 3379 741 3428 D.
760 3379 805 3444 qni
820 3382 877 3428 test.
893 3374 948 3437 sac.
962 3369 1013 3436 (28.
1029 3369 1053 3432 1)

77 3459 121 3494 ex
140 3443 201 3494 Gaii
217 3447 234 3498 l.
253 3447 284 3496 lt
303 3447 340 3496 od
356 3447 399 3500 ed.
415 3461 490 3510 prov.
551 3444 572 3508 ²)
591 3447 617 3496 in
634 3447 688 3496 titt.
706 3445 735 3495 Ο.
754 3447 785 3495 de
803 3445 875 3494 bonis
892 3446 950 3490 mot.
963 3439 997 3502 (6,
1010 3436 1053 3500 60)

78 3513 117 3562 de
137 3512 218 3574 bonis,
239 3529 304 3578 qnae
322 3513 365 3563 lib.
384 3513 417 3578 (6,
438 3512 491 3576 61).

117 3611 283 3648 1rsr1u1unr
302 3613 529 3650 rnsrrrvrronrs.
880 3595 899 3651 5
