2486 3916
273 287 277 294 .
309 235 346 270 uu
367 234 531 271 mensurnus
551 235 753 272 rusrxroenms
771 223 808 286 11,
828 226 867 277 14.
1031 223 1075 288 69

100 379 191 447 natis,
213 375 357 441 sedetiam
377 378 512 450 portumis
531 377 698 449 introduxit,
715 386 745 434 ut
760 392 871 452 omnes,
889 382 948 436 sine
963 383 1006 438 sui
1021 383 1077 438 sive

101 461 263 534 emancipati
278 469 357 532 sunt,
379 465 426 517 unt
445 461 560 518 heredes
581 463 759 519 instituentur
772 457 838 520 unt1
858 467 1016 522 nondnatim
1032 483 1077 522 ex·

101 545 321 602 nectenturrer
340 546 456 602 eundem
477 546 592 603 habeant
613 546 739 604 ellectum
759 549 830 604 circa
848 556 1010 608 testamenta
1029 568 1077 626 pa·

100 637 213 686 rentum
233 645 347 686 suorum
367 629 527 687 infirmanda
548 639 576 687 et
591 631 771 688 hereditatem
785 632 974 707 auferendam,
996 653 1077 709 quern

102 713 151 771 lilii
167 716 209 770 sui
224 715 267 771 vel
282 717 440 790 emancipati
455 715 571 788 hahent,
587 719 644 772 sive
657 718 710 777 iam
725 719 781 773 nati
796 725 862 774 sunt
873 721 931 775 sive
945 721 1033 777 adhue
1048 723 1076 775 in

102 807 184 856 utero
200 800 359 872 constituti,
379 808 476 875 postea
490 802 546 858 nati
568 809 641 858 sunt.
671 803 741 858 cirea
756 801 898 876 adoptivos
913 812 1003 860 autem
1018 821 1077 861 cer-

102 893 158 941 tam
179 883 334 940 induximus
352 884 528 956 diuisionem,
549 901 617 959 quae
632 887 830 942 constitutione
844 882 975 959 nostra‚²
996 905 1077 962 quem

102 985 187 1043 snper
202 969 335 1043 adoptivis
351 969 478 1041 tulimus,
500 972 665 1027 continetur.
702 970 755 1028 Sed
770 973 793 1026 si
808 971 980 1046 expeditione
996 989 1077 1028 occu·
1093 988 1109 1035 e

102 1061 184 1128 patus
206 1053 285 1109 miles
306 1061 500 1111 testamentum
520 1055 600 1111 leoiat
622 1063 649 1112 et
670 1055 771 1113 liberos
787 1073 852 1112 suos
871 1057 925 1113 iarn
940 1065 1019 1115 natos
1034 1056 1077 1112 vel

102 1146 248 1213 postumus
262 1141 421 1196 membratim
436 1156 491 1210 noo
507 1140 726 1213 exheredaverit,
741 1141 790 1196 sed
805 1141 913 1198 silentio
929 1142 1077 1216 praeterie-

101 1225 156 1294 rit,
178 1239 234 1279 non
252 1224 399 1298 ignorans,
418 1241 454 1280 en
473 1223 571 1280 lrabeat
590 1224 709 1297 liberos,
731 1225 870 1282 silentium
885 1228 944 1282 eins
963 1243 1015 1300 pro
1032 1242 1077 1282 cx-

103 1307 281 1364 heredatione
294 1310 455 1365 nemineum
475 1308 545 1364 lacta
559 1309 647 1365 velere
661 1310 902 1366 constitutionibus
924 1312 1076 1386 principum

105 1399 213 1448 centnm
228 1399 279 1448 est.
310 1392 395 1449 lloter
408 1393 451 1450 vel
466 1409 531 1450 evus
546 1401 684 1454 maternus
698 1411 810 1451 necesse
824 1411 881 1451 non
896 1395 997 1452 habent
1011 1394 1077 1452 libe·
1095 1396 1110 1445 t

105 1492 155 1533 ros
170 1493 233 1532 suos
254 1483 301 1532 aut
323 1477 438 1533 heredes
457 1479 601 1548 insonuere
622 1486 669 1533 aut
689 1479 869 1550 exheredare,
891 1479 939 1534 sed
959 1487 1077 1552 possunt

93 1571 154 1618 -·eos
167 1563 301 1618 omittere.
332 1579 393 1618 nam
407 1562 547 1618 silentium
557 1563 651 1617 aratris
663 1569 711 1618 aut
725 1565 766 1618 avi
780 1564 895 1620 materni
910 1571 1077 1618 ceterorum-

104 1663 159 1720 que
178 1663 228 1719 per
241 1653 356 1702 matrem
371 1647 575 1702 ascendentium
592 1653 701 1704 tantum
717 1647 796 1719 lacit,
819 1655 949 1722 quantum
965 1647 1077 1703 exhere-

104 1729 179 1786 datio
189 1732 289 1804 petris.
326 1747 416 1805 neque
436 1733 507 1787 enim
518 1733 601 1787 maeri
620 1729 706 1788 filium
722 1729 838 1796 filiamve
853 1748 942 1806 neque
957 1749 1005 1788 avo
1021 1747 1076 1787 ma·

102 1822 185 1870 terno
205 1822 334 1888 nepotem
353 1823 497 1890 septemve
511 1832 545 1872 ex
556 1814 629 1888 iilia,
650 1819 673 1873 si
695 1833 758 1873 eum
773 1833 863 1874 eamve
879 1815 1007 1874 heredem
1020 1830 1075 1873 noo

101 1901 246 1971 instituat,
260 1899 426 1956 exheredare
435 1915 547 1957 necesse
560 1909 617 1972 est,
633 1903 689 1958 rive
702 1901 736 1958 de
746 1903 807 1958 iure
819 1901 890 1958 civili
905 1919 1075 1976 quaeramus,

102 1985 159 2040 sive
181 1983 216 2040 de
232 1983 321 2040 edicto
336 1985 484 2058 praetoris,
507 2001 561 2059 quo
582 1987 736 2059 praeteritis
753 1985 845 2042 liberis
860 1993 957 2042 contre
972 1985 1076 2042 tabulas

103 2068 241 2126 bonorum
260 2071 461 2143 possessionem
482 2071 628 2142 promittit.
665 2069 714 2125 sed
734 2069 807 2125 aliud
829 2071 868 2125 eis
885 2068 1075 2126 adminiculum

102 2161 246 2226 servatur,
262 2153 335 2227 prod
350 2153 431 2228 paulo
445 2161 512 2228 post
525 2153 602 2208 vohis
618 2152 790 2209 manifestum
805 2151 861 2208 fiat.

525 2349 582 2390 mu.
595 2349 658 2390 ΧΠ.

303 2453 353 2502 os
371 2451 587 2504 nossemus
604 2436 875 2504 xnsrxrunnors.

169 2574 290 2631 Heredes
315 2577 460 2632 instituere
484 2576 644 2648 permissum
670 2582 714 2632 est
739 2582 793 2632 tam
821 2573 922 2632 liberos
952 2563 1075 2634 homines
1092 2592 1127 2632 Pr.

103 2677 186 2734 quam
199 2676 295 2716 servos
314 2666 370 2716 um
384 2661 510 2734 proprios
526 2677 607 2734 quam
621 2659 733 2716 alienos.
762 2661 890 2734 proprios
906 2667 996 2716 autem
1012 2659 1076 2714 olim

103 2745 215 2818 quidem
237 2745 386 2802 secuudum
411 2744 530 2818 plurium
555 2746 704 2801 sententias
730 2761 786 2801 non
812 2743 890 2800 aliter
915 2759 994 2818 quam
1015 2758 1077 2798 oum

102 2827 232 2886 libertate
252 2837 327 2886 recte
346 2830 491 2886 instituere
512 2829 617 2895 licebat.
650 2829 732 2886 hodie
746 2845 812 2884 vero
828 2831 908 2886 etiam
923 2830 981 2884 sinc
996 2825 1077 2884 liber-

102 2921 167 2970 tate·
177 2930 210 2970 ex
224 2922 319 2970 nostra
333 2907 551 2971 constitutione3
566 2913 680 2970 heredes
696 2930 744 2972 eos
758 2915 901 2970 instituere
915 2915 1077 2988 permissum
1111 2955 1113 2959 ⁴

101 3006 156 3054 est
195 2998 270 3072 quod
288 3016 345 3056 non
364 3015 414 3072 per
433 2999 634 3055 iuuovatiooem
647 2997 817 3070 induximus,
838 2998 886 3055 sed
907 2999 1034 3072 qnoniam
1048 3004 1078 3052 et

102 3084 218 3157 aequius
233 3091 292 3140 erat
306 3091 334 3138 et
348 3083 475 3140 Atilicino
490 3082 623 3157 placuisse
638 3081 738 3140 Paulus
753 3085 809 3138 suis
824 3083 916 3156 libris,
936 3099 1007 3158 quos
1022 3089 1077 3137 tarn

174 3312 194 3378 ¹)
216 3311 317 3365 rtWE
339 3314 452 3379 iteopt.
474 3321 501 3364 et
521 3315 639 3379 plerique
662 3315 738 3364 codd.
760 3315 837 3378 infer.
857 3319 885 3365 et
903 3313 1011 3377 (omisso
1027 3312 1079 3360 illis

103 3386 154 3432 aut
171 3379 199 3432 hi
218 3383 237 3431 i.
257 3380 314 3446 aut)
333 3381 382 3432 BG
398 3383 439 3432 ed.
458 3381 509 3432 Kr.
597 3379 617 3444 ²)
635 3384 751 3448 plerique
774 3383 850 3432 codd.
874 3381 953 3442 inser.
972 3371 1077 3429 consii-

7 3449 9 3466 ²
102 3449 208 3500 tutioni
226 3455 337 3503 nostrate
356 3451 431 3502 codd.
453 3457 503 3500 oet.
527 3450 586 3500 edd.
605 3447 679 3498 Scir.
704 3457 730 3500 et
747 3449 799 3498 Kr.
824 3455 862 3498 est
883 3447 916 3496 L.
935 3447 975 3496 10.
997 3445 1025 3496 0.
1045 3447 1078 3495 de

103 3519 195 3582 adopt.
215 3518 250 3582 (t,
269 3519 302 3568 47
321 3519 355 3568 al.
374 3515 427 3581 48).
497 3515 519 3580 ³)
537 3517 570 3566 D.
584 3517 608 3568 5.
629 3516 657 3568 G.
676 3519 708 3566 de
726 3529 855 3565 necessar.
874 3513 962 3563 iered.
976 3511 1010 3576 (6,
1024 3511 1076 3575 27).
