2486 3916
110 170 151 234 46
415 184 450 218 ns
471 181 677 222 sunrrrurrnus
696 169 732 230 11,
752 169 777 221 3.

111 345 166 386 non
182 336 307 402 possunt.
333 326 420 400 qualia
441 333 504 381 sunt
526 341 573 395 ea,
598 325 713 398 quaein
734 325 792 378 iure
813 324 980 378 consistunt:
1007 323 1081 378 sieut

112 413 263 484 hereditas,
280 410 469 481 ususfructus,
492 409 671 482 obligationes
685 424 796 482 quoquo
812 407 892 463 modo
909 415 1078 462 contractae.

111 513 161 552 nec
176 496 208 551 ad
230 512 286 552 rem
302 497 436 569 pertinet,
458 494 532 568 quod
552 495 580 548 in
601 492 750 548 hereditate
771 509 815 548 res
836 490 993 565 corporales
1014 507 1080 546 con·

111 583 246 636 tinentur:
261 597 321 636 nam
338 588 365 636 et
380 579 503 652 fructus,
520 580 566 652 qui
581 587 613 634 ex
634 577 719 632 fundo
734 578 932 650 percipiuntur,
949 592 1081 650 corpora·

111 665 152 720 les
168 673 232 720 sunt
247 672 274 720 et
289 664 332 736 id,
353 663 425 737 quod
448 680 480 718 ex
500 663 588 736 aliqua
604 659 770 736 obligatione
785 658 863 718 nobis
879 657 1005 731 debetur,
1021 660 1081 734 ple-

112 765 227 822 rumque
248 749 389 824 corporale
411 756 467 819 est,
490 747 573 802 veluti
595 745 710 818 fundus,
737 747 836 817 homo,
863 746 989 819 pecunia:
1018 761 1081 799 nam

112 835 200 908 ipsum
215 835 258 890 ius
274 833 430 890 hereditatis
447 839 474 886 et
494 834 583 906 ipsum
604 831 646 886 ius
662 830 865 886 utendil‘ruendi
888 838 916 885 et
931 831 1022 902 ipsum
1036 831 1082 884 ius

79 919 95 968 3
114 917 287 992 obligationis
302 915 473 990 incorporale
494 924 546 972 est.
583 915 685 971 Eodem
708 931 822 972 numero
844 923 908 970 sunt
927 916 987 969 iura
1001 923 1082 986 prae·

114 1003 220 1058 diorum
238 1001 401 1058 urbanorum
417 1009 444 1056 et
459 1002 634 1072 rusticorum,
651 1017 719 1073 quae
731 1008 759 1056 et
775 1001 920 1056 servitutes
935 1006 1080 1054 vocantur.

540 1197 596 1238 unt
609 1197 652 1238 111.

425 1299 475 1350 DE
494 1299 769 1352 SERVITUTIBUS.
852 1356 855 1361 ,

63 1438 98 1476 1³1.
183 1415 378 1480 ¹llustieorum
393 1423 564 1496 praediorum
580 1424 638 1477 iura
659 1430 723 1477 sunt
739 1422 816 1477 haec:
836 1422 903 1492 iter,
925 1429 1013 1492 actus,
1029 1421 1081 1491 via,

115 1524 200 1582 aquae
220 1507 329 1564 ductus.
377 1509 430 1563 iter
454 1514 497 1563 est
522 1509 564 1562 ius
585 1506 683 1578 eundi,
709 1505 861 1562 ambulandi
887 1506 998 1576 homini,
1026 1522 1083 1560 non

116 1594 195 1647 etiam
211 1594 362 1648 iumentum
374 1591 474 1666 agendi
485 1591 527 1646 vel
538 1591 705 1646 vehiculum:
721 1597 796 1646 actus
812 1597 854 1645 est
869 1591 912 1646 ius
928 1589 1027 1664 agendi
1038 1590 1082 1645 vel

115 1678 265 1731 iumentum
286 1675 329 1730 vel
349 1676 512 1732 vehiculum.
550 1677 641 1747 itaque
663 1675 710 1748 qui
729 1677 782 1730 iter
797 1673 892 1746 habet,
914 1681 1004 1730 actum
1026 1689 1083 1730 non

116 1759 210 1827 habet3
227 1761 273 1832 qui
288 1767 377 1814 aetum
393 1758 488 1830 habet,
511 1765 538 1813 et
558 1759 611 1814 iter
626 1757 705 1814 habet
726 1775 814 1832 eoque
835 1760 875 1814 uti
890 1765 984 1832 potest
1000 1760 1082 1814 etiam

117 1845 174 1898 sine
189 1843 319 1898 iumento.
358 1845 399 1898 via
414 1849 456 1899 est
471 1843 515 1898 ius
529 1841 611 1898 eundi
626 1849 653 1898 et
669 1843 766 1917 agendi
782 1851 809 1900 et
825 1842 990 1900 ambulandi:
1019 1859 1081 1898 nam

116 1935 144 1982 et
169 1928 222 1982 iter
244 1934 271 1982 et
296 1935 385 1982 actum
410 1928 439 1984 in
466 1944 509 1983 se·
523 1928 564 1982 via
588 1928 720 1984 eontinet.
759 1944 843 2002 aquae
865 1927 963 1983 duetus
980 1929 1082 1983 estius

85 2014 95 2058 l
116 2027 199 2084 aquae
215 2011 352 2068 ducendae
366 2029 416 2086 per
430 2011 545 2068 fundum
565 2012 690 2070 alienum.
727 2012 899 2068 Praedictum
915 2011 1081 2068 urbanorum

117 2104 181 2152 sunt
208 2098 370 2168 servitutes,
397 2113 465 2172 quae
491 2095 618 2154 aediliciis
644 2097 802 2169 inhaerent,
828 2097 888 2152 ideo
916 2095 1081 2152 urbanorum

116 2181 288 2254 praediorum
314 2182 415 2255 dictae,
440 2183 567 2256 quoniam
589 2180 709 2238 aedilicia
735 2183 824 2238 omnia
850 2179 952 2236 urbana
972 2181 1082 2254 praedia

116 2265 296 2339 appellantur,
312 2269 364 2322 etsi
379 2269 407 2323 in
422 2267 485 2322 villa
499 2265 637 2321 aedificata
652 2274 726 2322 sunt.
748 2259 833 2322 item²
848 2265 1023 2340 praediorum
1039 2282 1083 2321 ur-

117 2349 247 2405 banorum
263 2351 408 2406 servitutes
424 2357 488 2406 sunt
503 2350 567 2405 hae:
583 2357 614 2406 ut
628 2351 730 2406 vicinus
747 2367 829 2407 onera
840 2352 919 2406 vicini
934 2351 1082 2406 sustineat:

117 2442 148 2488 ut
163 2435 190 2489 in
204 2434 335 2506 parietem
350 2435 408 2490 eius
429 2433 508 2489 liceat
529 2435 616 2508 vicino
638 2437 744 2510 tignum
759 2435 920 2491 immittere:
952 2441 982 2489 ut
1003 2434 1082 2490 stilli·
1161 2441 1170 2456 ·

117 2517 215 2574 eidium
236 2517 279 2572 vel
299 2516 401 2574 llumen
421 2519 533 2593 recipiat
555 2519 616 2592 quis
635 2521 663 2574 in
683 2521 765 2576 aedes
784 2535 848 2576 suas
870 2520 912 2576 vel
932 2521 960 2575 iu
982 2535 1081 2590 aream,

119 2602 160 2657 vel
174 2618 231 2658 non
245 2603 369 2676 recipiat:
396 2610 424 2658 et
438 2619 472 2658 ne
487 2602 567 2658 altius
583 2602 661 2658 tollat
677 2607 738 2677 quis
754 2603 833 2660 aedes
854 2621 931 2677 suas,
954 2621 988 2660 ne
1003 2602 1082 2658 lumi-

84 2687 99 2735 2
118 2685 197 2743 nibus
213 2687 292 2744 vicini
313 2683 456 2744 officiatur.
494 2681 547 2743 3ln
567 2689 733 2746 rusticorum
753 2688 925 2762 praediorum
946 2689 1083 2745 servituti-

118 2766 189 2828 lius⁴
205 2771 313 2845 quidam
329 2773 479 2846 computari
499 2779 573 2829 reete
593 2781 691 2847 putant
711 2789 796 2848 aquae
816 2773 959 2846 haustum,
975 2774 1082 2848 peeoris

118 2855 151 2911 ad
167 2873 262 2930 aquam
278 2855 436 2930 adpulsum,
457 2857 499 2913 ius
514 2857 657 2931 pascendi,
679 2858 758 2915 calcis
780 2858 952 2933 coquendae,
969 2859 1083 2914 harenae

118 2939 269 2996 fodiendae.
1018 2941 1027 2956 '

119 3089 321 3098 ...---

187 3189 207 3252 1)
223 3190 372 3252 fere-:L
394 3192 514 3256 lpr.D.
533 3195 565 3243 de
582 3208 647 3245 sero.
666 3209 708 3257 pr.
723 3201 790 3252 ‚ruet
810 3193 843 3257 (8,
857 3191 884 3258 3)
904 3209 939 3243 eac
960 3193 1019 3257 Ulp.
1039 3195 1083 3242 ta

118 3261 175 3309 inst.
209 3255 230 3320 ²)
249 3259 329 3308 malim
346 3260 419 3308 inter
453 3259 472 3320 3)
491 3261 530 3320 55.
550 3263 574 3313 2.
593 3263 618 3312 3.
635 3262 712 3310 =L.
733 3263 757 3310 1.
776 3261 799 3321 ἓ.
815 3264 837 3314 1.
856 3263 913 3314 eod.
937 3262 969 3310 L.
985 3263 1008 3310 1.
1022 3261 1048 3322 ξ.
1061 3262 1083 3309 l:

119 3328 152 3376 D.
170 3329 202 3376 de
219 3341 285 3379 sero.
303 3343 346 3390 pr.
365 3327 421 3379 orb.
441 3327 474 3391 (8,
492 3325 519 3394 4)
538 3344 573 3378 ear.
593 3329 651 3392 etp.
670 3332 685 3380 t.
704 3331 720 3378 2
738 3331 796 3378 inst.
865 3327 887 3391 4)
905 3329 952 3378 Ex
974 3328 1085 3392 Tlteoplr.

120 3401 145 3446 et
162 3395 220 3458 Dip.
239 3397 372 3444 servitute
391 3396 432 3445 ed.
456 3394 530 3448 Selrr.
554 3397 705 3447 servitutes
732 3398 772 3446 ed.
792 3395 842 3446 Kr.
871 3413 906 3447 ecc
932 3391 991 3448 aliis
1009 3397 1083 3449 codd.

92 3485 94 3490 v
119 3461 242 3512 Fortasse
259 3464 394 3512 secondum
412 3466 531 3528 quosdam
550 3466 624 3518 codd.
644 3467 705 3530 lep:
724 3465 797 3514 inter
814 3481 835 3520 r.
853 3479 880 3528 p.
899 3466 1057 3516 servitutes.
