2464 3916
229 241 265 274 nu
284 239 437 276 russonum
456 237 647 276 onmoamons
666 225 718 288 111,
738 225 769 276 15
788 224 850 290 (16).
976 223 1037 290 129

448 409 505 450 rm.
518 408 563 448 xv
582 409 662 456 (xvc.

272 513 323 564 DE
344 511 546 564 VERBORUM
564 511 826 564 OBLlGATIONE.

134 629 243 690 ¹Verbis
260 633 390 708 obligatio
406 635 576 691 contrahitur
596 650 628 690 er
643 635 858 709 interrogatione
874 644 901 692 et
922 647 1077 710 respon-rr.

77 713 180 791 sione,²
203 736 262 776 cum
284 719 347 793 quid
368 719 426 776 clari
446 717 537 774 lierlre
553 717 630 774 uobis
646 719 816 792 stipulamur.
853 737 885 776 en
901 737 954 794 qua
968 720 1036 776 duae

75 802 276 878 proficiscuntur
296 805 433 876 actiones,
454 811 508 860 tam
524 802 675 875 condictio,
696 805 719 860 si
740 811 814 864 certa
834 805 870 860 sit
885 805 1035 878 stipulatio,
1073 861 1075 864 .

76 905 145 962 quam
161 905 193 944 ex
209 888 356 962 stipulatu,
376 889 400 944 si
415 890 525 944 incerta.
572 903 640 961 quae
665 889 715 946 hoc
730 890 845 944 nomine.
859 889 923 944 inde
938 890 1035 961 utitur,

76 975 129 1048 quia
147 972 278 1047 stipulum
299 972 369 1046 apud
385 980 490 1030 veteres
512 971 618 1028 lirmum
640 972 838 1047 appellabatur,
860 973 933 1029 sorte
955 989 969 1028 a
988 975 1036 1030 sti·

73 1061 122 1131 pite
138 1057 315 1114 descendeus.

80 1187 82 1194 ,
130 1142 158 1198 lrr
184 1143 234 1200 hac
259 1158 288 1197 re
315 1141 379 1198 olim
406 1141 467 1198 talia
489 1141 568 1198 verba
593 1141 690 1198 tradita
715 1141 841 1198 luerunt:
879 1142 1068 1201 secunusll

13 1289 14 1304 ,
74 1243 223 1298 oronnam,
245 1227 435 1296 enomrrnrst
460 1242 637 1299 secuturo,
657 1227 923 1284 urnurnoumrrs?
947 1240 1035 1285 arun·

74 1326 242 1382 rnonrrrO,
257 1311 443 1369 erumpens?
458 1327 645 1384 ammoneo,
660 1313 775 1369 Daorsi
790 1327 890 1383 naso,
904 1312 1036 1372 ancras?

75 1411 191 1454 rectam.
231 1404 322 1451 utrum
344 1403 433 1450 autem
455 1394 547 1452 latina
568 1413 600 1451 an
616 1395 716 1452 Graeca
735 1395 779 1454 vel
799 1413 852 1470 qua
872 1396 923 1452 alia
942 1397 1036 1471 lingua

74 1480 205 1554 stipulatio
220 1479 404 1558 concipiatur,
425 1479 492 1536 nihil
507 1481 636 1552 interest,
657 1480 761 1536 scilicet
780 1482 803 1536 si
819 1488 934 1554 uterque
949 1483 1036 1555 stipu-

73 1563 180 1622 lantium
206 1563 374 1620 intellectum
399 1564 481 1620 huius
506 1563 615 1638 linguae
642 1563 751 1622 haheat:
781 1581 832 1620 uec
856 1581 968 1622 necesse
994 1575 1036 1622 est

73 1649 158 1706 eadem
174 1649 268 1723 lingua
282 1655 429 1722 utrumque
444 1649 499 1720 uti,
520 1647 568 1704 sed
583 1647 685 1705 sufficit
700 1657 885 1724 congruenter
899 1649 932 1706 ad
952 1651 1036 1706 iuter·

12 1781 13 1790 ,
72 1742 191 1808 rogatum
207 1732 386 1807 respondere:
404 1734 468 1807 quin
484 1733 563 1789 etiam
579 1733 633 1790 duo
650 1733 743 1790 Graeci
753 1733 846 1790 Latina
860 1733 953 1809 lingna
969 1733 1037 1790 obli·

11 1855 13 1888 3
72 1820 203 1891 gallonem
225 1817 385 1874 contrahere
404 1825 530 1892 possunt.
571 1818 619 1876 set
640 1819 706 1874 haec
720 1818 861 1875 sollemnia
876 1817 955 1875 verba
972 1819 1035 1875 olim

12 1901 13 1904 ’
73 1903 175 1975 quidem
196 1904 224 1958 in
245 1917 297 1958 usu
317 1901 441 1958 inerunt:
470 1910 566 1976 postea
586 1910 675 1959 autem
695 1902 830 1968 Leuciana
856 1897 1036 1960 constitutio³

71 1985 119 2043 lata
133 1995 190 2059 est,
213 2003 296 2060 quae,
312 1985 494 2044 sollemnitate
510 1986 653 2044 verborum
668 1987 788 2058 sublata,
804 2003 913 2044 sensum
929 1997 957 2043 et
972 2006 1036 2044 con·

12 2099 13 2102 η
72 2079 208 2127 sonantem
229 2071 399 2127 intellectum
420 2070 452 2126 ab
474 2080 589 2144 utraque
604 2080 680 2144 parte
696 2071 784 2127 solnm
800 2071 950 2143 desiderat,
972 2072 1036 2128 licet

72 2155 282 2230 quibuscumque
297 2154 384 2211 verbis
400 2172 544 2229 expressus
560 2164 611 2211 est.

132 2239 222 2296 Omnis
243 2239 382 2313 stipulatio
398 2249 444 2296 aut
464 2257 531 2314 pure
547 2247 593 2295 aut
613 2241 640 2295 in
660 2239 731 2294 diem
746 2247 792 2294 aut
809 2239 860 2295 sub
875 2239 1035 2296 condicione
1053 2251 1069 2298 2

13 2339 14 2348 ¹
72 2321 108 2379 iit.
132 2340 199 2398 pure
214 2324 298 2380 veluti
314 2340 454 2390 omnoun
466 2338 588 2382 suasos
603 2339 688 2381 nass
702 2323 860 2382 secunus?
875 2323 957 2397 idque
972 2341 1037 2380 con-

73 2408 156 2464 festim
171 2410 228 2482 peti
242 2416 344 2482 potest.
371 2410 399 2464 in
415 2408 501 2480 diem,
517 2425 579 2466 cum
593 2408 698 2466 adiecto
710 2409 769 2480 die,
786 2425 841 2482 quo
857 2411 970 2484 pecunia
981 2410 1037 2466 sol-

71 2502 159 2564 vatur,
175 2493 315 2567 stipulatio
331 2491 375 2548 fit:
398 2493 481 2550 veluti
495 2509 603 2551 uncum
617 2508 739 2551 euneos
754 2509 862 2550 Patous
877 2509 1035 2552 mansurus

69 2591 195 2634 uterus
210 2593 294 2634 nnus
310 2579 467 2636 speruus?
490 2579 517 2634 id
532 2585 632 2651 autem,
648 2577 721 2652 quod
736 2579 764 2634 in
779 2578 850 2634 diem
865 2579 1036 2652 stipulamur,

70 2663 158 2718 statim
179 2662 286 2736 quidem
302 2661 432 2734 debetur,
455 2662 503 2718 sed
524 2665 581 2736 peti
595 2665 671 2737 prius
687 2679 766 2736 quam
783 2663 840 2718 dies
856 2663 959 2734 veniat,
980 2679 1036 2718 non

69 2753 173 2817 potest:
189 2763 219 2802 ac
233 2763 268 2802 ne
283 2763 316 2802 eo
333 2747 440 2820 quidem
455 2748 515 2821 ipso
531 2747 589 2818 die,
605 2749 632 2803 in
649 2763 727 2821 quem
744 2747 883 2822 stipulatio
899 2745 968 2802 sacta
983 2754 1035 2816 est,

69 2831 124 2901 peti
139 2837 240 2904 potest,
256 2833 318 2904 quia
334 2839 408 2888 totus
424 2825 489 2888 ille⁴¹
504 2831 561 2889 dies
577 2831 687 2888 arbitrio
702 2831 832 2887 solventis
850 2829 929 2886 tribui
944 2829 1035 2886 debet.

70 2928 155 2987 neque
176 2917 247 2972 euim
269 2924 372 2971 certum
389 2923 447 2988 est,
469 2932 501 2972 eo
517 2915 575 2987 die,
596 2917 624 2974 in
640 2931 719 2990 quem
734 2917 897 2989 promissum
914 2922 970 2988 est,
992 2914 1037 2970 da·

69 3003 126 3052 tum
140 3016 194 3054 uon
211 3015 287 3072 esse,
308 3002 463 3074 priusquam
479 2993 522 3055 is⁵
541 3007 702 3074 praetereat.
748 3001 783 3056 At
803 3002 826 3056 si
846 3001 883 3056 ita
898 3000 1036 3074 stipuleris
1055 3015 1071 3062 3

137 3197 156 3264 ¹)
175 3215 218 3264 pr.
238 3201 274 3250 in.
292 3219 326 3240 =
344 3199 376 3250 L.
398 3199 421 3250 1.
440 3199 464 3258 ἓ.
483 3199 506 3248 l.
525 3199 559 3250 Ι).
577 3200 610 3248 de
628 3199 676 3249 obl.
696 3205 721 3248 et
739 3205 792 3249 act.
810 3198 861 3262 (44,
880 3195 906 3262 7)
926 3214 961 3248 eae
981 3197 1038 3248 Gaii

70 3263 88 3310 l·
107 3265 121 3313 2
138 3282 191 3316 rer.
211 3273 279 3332 quot.
364 3264 385 3328 ²)
408 3265 432 3314 Τ
447 3271 472 3314 et
495 3267 611 3330 plerique
634 3267 709 3316 codd.
738 3267 795 3316 item
815 3265 871 3316 Gai.
890 3268 915 3326 3,
934 3266 976 3314 92.
995 3266 1036 3313 ed.

69 3327 143 3382 Salar.
162 3349 295 3400 responso
314 3333 366 3383 AB
394 3347 527 3398 responsu
539 3333 598 3397 Dip.
616 3332 655 3385 m.
676 3335 716 3383 ed.
735 3333 789 3383 Kr.
857 3331 878 3395 ⁸)
897 3332 929 3380 L.
950 3333 989 3381 10.
1008 3331 1037 3380 0.

69 3397 101 3446 de
118 3410 200 3452 contr.
219 3419 241 3453 o.
261 3417 346 3453 comm.
363 3403 425 3465 stip.
450 3399 484 3464 (8,
503 3401 535 3450 37
554 3403 587 3451 ol.
607 3399 659 3463 38).
746 3399 767 3462 4)
785 3400 811 3449 Β
832 3399 943 3462 Tteopt.
963 3401 1037 3448 totus

68 3461 286 3587 ἱξη,1’ἱά,ᾱ8ο11ἕ,
313 3472 388 3518 totus
407 3467 431 3518 Α
450 3468 490 3518 ed.
509 3467 559 3522 Kr.
645 3466 665 3530 ⁵)
685 3467 738 3516 ΒΤ
761 3469 854 3532 otiique
879 3468 995 3530 plerique
1013 3465 1037 3514 is

102 3631 263 3672 1rsr1u1an1
281 3633 510 3672 ansrrrvrrouns.
864 3621 882 3676 9
946 3649 950 3658 ·
