2486 3916
195 229 231 264 nn
243 227 389 264 urrunnu
408 227 567 272 autumnae
587 229 621 264 aa
640 228 836 264 nrrrnarunru
854 213 890 275 ΙΙ,
911 217 949 268 19.
1020 213 1060 280 81

86 371 216 428 acieunda
230 371 380 428 hereditate
395 370 438 427 iel
458 387 514 428 non
535 369 665 426 adeunda.
703 371 752 427 sed
774 373 830 426 sive
849 373 888 443 is,
916 374 959 428 cui
980 372 1060 429 absti-

88 456 176 513 nendi
192 463 315 530 potestas
331 463 388 527 est,
409 455 584 513 immiscuerit
599 471 629 510 se
644 453 722 518 bonis
737 455 922 527 hereditariis,
945 457 1001 512 sive
1015 475 1061 513 er·

87 551 220 612 tranens,
254 541 298 596 cui
313 540 347 596 de
363 539 484 596 adeunda
499 538 649 596 hereditate
675 537 824 596 deliberare
849 539 927 612 licet,
955 541 1060 614 adierit,

86 633 189 700 postea
203 623 397 698 relinquendae
406 623 563 680 hereditatis
575 621 729 679 facultatem
741 640 797 679 non
809 623 899 696 hahet,
911 627 964 682 nisi
973 628 1061 683 minor

89 712 128 766 sit
151 711 229 766 annis
251 709 348 782 viginti
364 709 498 782 quinque:
527 725 588 766 nam
608 709 689 765 huius
711 709 806 764 aetatis
822 708 974 766 hominihus
989 713 1061 768 sicut

88 796 118 850 in
134 794 235 850 ceteris
252 791 377 848 omnibus
392 793 480 849 causis
496 791 628 866 deceptis,
643 793 680 848 ita
703 801 730 848 et
751 793 773 848 si
789 801 890 848 temere
906 793 1060 852 damnosam

89 877 272 934 hereditatem
293 878 479 952 susceperint,
499 886 610 952 praetor
630 879 773 934 succurrit.
812 876 955 934 Sciendum
971 887 1061 936 tamen
1078 891 1094 936 6

89 971 150 1034 est,
177 962 269 1018 divum
295 961 458 1018 Hadrianum
484 963 564 1018 etiam
591 963 684 1018 maiori
710 963 805 1036 viginti
836 963 957 1036 quinque
983 967 1060 1020 annis

88 1047 198 1103 veniam
213 1045 331 1117 dedisse,
347 1063 408 1102 cum
429 1053 492 1121 post
513 1045 611 1102 aditam
626 1045 803 1102 hereditatem
819 1046 921 1121 grande
936 1064 981 1103 aes
997 1049 1060 1104 alie-

88 1148 171 1204 num,
189 1130 264 1204 qued
279 1130 366 1186 aditae
382 1130 539 1187 hereditatis
554 1139 677 1204 tempore
693 1129 808 1202 latebat,
824 1132 988 1188 emersisset.
1013 1133 1058 1190 sed

90 1217 144 1272 hoe
165 1215 243 1270 divus
269 1214 378 1288 quidem
401 1214 549 1270 Hadrianus
572 1214 681 1288 speciali
700 1212 832 1274 beneficio
859 1215 963 1272 cuidam
984 1235 1060 1291 prae·

89 1301 178 1369 stitit,
194 1299 271 1354 divus
287 1307 377 1356 autern
393 1297 543 1356 Gordianus
562 1306 658 1373 postea
677 1301 705 1354 in
721 1298 849 1355 militibus
873 1303 1059 1359 tantummodo

90 1387 147 1440 lroo
162 1383 295 1440 extendit:
318 1383 365 1440 sed
381 1391 474 1440 nostra
487 1383 677 1439 benevolentia
692 1400 835 1441 commune
856 1383 981 1440 omnibus
996 1387 1059 1442 suh·
1073 1389 1106 1451 (6)

90 1469 170 1524 iectis
183 1469 296 1542 imperio
317 1475 413 1524 nostro
434 1469 486 1524 hoc
500 1469 646 1541 praestavit
660 1466 819 1524 heneficium
841 1475 868 1523 et
888 1471 1061 1526 constitutio-

90 1546 173 1608 nem¹
192 1559 244 1608 tam
260 1554 449 1626 aequissimam
470 1569 550 1628 quam
566 1551 684 1608 nobilem
700 1553 823 1626 scripsit,
845 1553 921 1608 cuius
938 1563 1059 1610 tenorem

89 1640 113 1692 si
130 1637 333 1693 observaverint
347 1637 487 1710 homines,
502 1636 566 1692 licet
582 1638 620 1694 eis
636 1635 708 1692 adire
724 1636 900 1692 hereditatem
916 1646 943 1694 et
958 1639 985 1694 in
1003 1646 1060 1696 tau-

89 1731 149 1778 tum
166 1723 270 1792 teneri,
295 1723 324 1778 in
340 1730 469 1796 quantum
485 1721 574 1778 valere
597 1719 668 1776 bona
684 1721 841 1776 hereditatis
857 1724 1008 1797 contingit,
1029 1734 1059 1780 ut

89 1823 122 1864 cx
139 1807 190 1862 hac
205 1822 383 1881 causanteque
399 1805 600 1862 deliberationis
612 1805 740 1862 auxilium
755 1807 794 1862 cis
810 1804 856 1862 fiat
867 1809 1057 1880 necessarium,

89 1893 142 1948 nisi
156 1891 256 1948 omissa
272 1889 459 1947 observatione
473 1897 583 1948 nostrae
599 1891 801 1946 constitutionis
816 1899 843 1948 et
858 1890 1059 1950 deliberandum

89 1977 303 2032 existimaverint
318 1983 344 2031 et
361 1991 420 2030 sese
434 1977 520 2032 veteri
531 1975 677 2050 gravamini
692 1975 817 2030 aditionis
833 1993 987 2050 supponere
1003 1995 1058 2034 ma·

89 2059 203 2116 luerint.
242 2053 333 2116 ²ltem
348 2067 493 2116 extraneus
514 2060 608 2130 heres,
629 2065 793 2114 testamento
808 2061 950 2116 institutus
966 2069 1012 2116 aut
1027 2063 1058 2118 ah
1077 2065 1091 2112 t

88 2147 221 2202 intestato
249 2143 282 2200 ad
306 2145 453 2219 legitimam
479 2143 656 2200 hereditatem
676 2150 802 2214 vocatus,
828 2151 922 2217 potest
942 2153 988 2198 aut
1008 2163 1059 2218 pro

89 2229 191 2285 herede
206 2229 329 2303 gerendo
349 2229 391 2286 vel
412 2230 492 2284 etiam
512 2228 583 2284 nuda
598 2227 738 2284 voluntate
753 2227 938 2301 suscipiendae
954 2229 1060 2284 heredi-

90 2315 153 2370 tatis
174 2315 256 2369 heres
277 2311 344 2369 fieri.
382 2328 433 2388 pro
454 2312 555 2370 herede
575 2319 665 2368 autem
691 2327 788 2384 gerere
814 2313 874 2385 quis
894 2311 1015 2386 videtur,
1037 2317 1060 2369 si

89 2397 171 2454 rebus
188 2397 359 2456 hereditariis
375 2405 508 2472 tamquam
526 2399 605 2452 heres
627 2403 719 2452 utatur
739 2395 781 2452 vel
797 2396 938 2453 vendendo
953 2414 997 2454 res
1012 2399 1060 2454 he·

89 2482 233 2538 reditarias
253 2489 299 2538 aut
319 2480 430 2556 praedia
445 2481 561 2537 colendo
582 2480 729 2538 locandove
746 2488 774 2536 et
789 2498 901 2557 quoquo
917 2482 1014 2554 modo,
1036 2485 1059 2538 si

89 2567 260 2622 voluntatem
280 2582 357 2622 suam
372 2565 491 2622 declaret
511 2566 552 2622 vel
573 2582 603 2622 re
619 2564 660 2620 vel
677 2564 763 2622 verbis
785 2565 818 2622 de
838 2566 961 2624 adeunda
982 2569 1059 2624 here·

89 2651 190 2722 ditate,
206 2650 354 2707 dummodo
370 2651 452 2722 sciat,
469 2666 545 2724 eum,
567 2651 594 2706 in
609 2651 687 2705 euius
701 2649 780 2706 bonis
796 2667 845 2724 pro
862 2650 961 2707 herede
977 2654 1057 2724 gerit,

88 2743 192 2792 testato
207 2735 372 2792 intestatove
389 2733 488 2791 obiisse
504 2741 576 2790 etse
592 2737 617 2793 ei
633 2734 759 2790 heredem
781 2751 849 2790 esse.
891 2751 942 2808 pro
958 2735 1057 2790 herede

88 2821 159 2878 enim
171 2835 270 2895 gerere
286 2827 328 2876 est
343 2836 394 2894 pro
410 2818 520 2876 domino
536 2836 645 2894 gerere:
672 2827 778 2875 veteres
793 2820 864 2875 enim
879 2817 992 2874 heredes
1007 2836 1058 2892 pro

89 2905 207 2961 dominis
222 2903 403 2980 appellabant.
442 2895 530 2960 ³sieut
551 2912 640 2959 autem
660 2902 733 2958 nuda
753 2903 893 2959 voluntate
913 2909 1058 2959 extraneus

89 2989 168 3046 heres
184 2987 233 3060 fit,
247 2991 285 3044 ita
300 2997 328 3044 et
343 2989 477 3047 contraria
491 2988 673 3061 destinatione
688 2988 779 3042 statim
794 2986 827 3042 ah
849 2987 1001 3044 hereditate
1016 3006 1059 3044 re·

88 3073 210 3147 pellitur.
249 3089 327 3146 eum,
354 3074 401 3147 qui
427 3080 519 3128 mutus
544 3073 587 3128 vel
612 3071 711 3128 surdus
737 3080 879 3128 natusest
901 3072 942 3128 vel
963 3082 1059 3146 postea

88 3157 193 3231 iactus,
214 3157 282 3217 nihil
301 3156 429 3232 prohihet
449 3173 501 3232 pro
521 3156 621 3212 herede
637 3172 733 3230 gerere
748 3163 774 3210 et
790 3156 933 3232 adquirere
948 3157 997 3212 sihi
1013 3159 1060 3212 he-

88 3241 249 3314 reditatem,
266 3244 289 3297 si
304 3251 392 3300 tamen
408 3241 561 3316 intellegit,
579 3240 652 3316 quod
668 3242 773 3316 agitur,

89 3375 295 3384 —--—......-.....

159 3441 177 3504 ¹)
199 3443 231 3490 L.
250 3443 292 3496 22.
314 3443 339 3494 0.
360 3444 392 3492 de
410 3444 427 3491 i.
447 3440 523 3492 detto.
542 3440 576 3504 (6,
595 3440 646 3500 36),
720 3438 741 3499 ²)
759 3442 816 3494 iuit.
835 3459 868 3481 ==
888 3438 944 3488 Gai.
964 3439 987 3495 2,
1010 3437 1059 3486 167

87 3517 147 3560 mut.
219 3509 240 3574 ³)
311 3509 458 3575 repellitur
474 3509 532 3572 fere
550 3527 583 3549 τ·-
603 3507 659 3558 Gai.
679 3510 703 3565 2,
726 3507 780 3559 167.

123 3609 286 3664 1vsr1u1uu1
306 3608 536 3644 vusrrnvrrours.
886 3593 904 3649 6
