2484 3916
163 177 205 242 92
297 195 332 229 ns
353 185 636 236 rrnnrcouurssnbus
656 191 885 228 usasnrrnrrnns
905 177 942 240 11,
960 178 1002 226 23.

164 339 252 393 minus
267 336 447 409 relinquatur,
463 333 549 390 solida
564 334 653 408 legata
664 333 807 390 debentur.
838 349 889 388 nec
903 349 935 388 ea
949 349 995 388 res
1008 332 1142 388 danumsa

164 429 206 477 est
221 419 330 492 heredi,
354 415 397 476 cui
417 417 532 474 liberum
553 427 669 476 estnon
690 418 763 474 adire
784 416 978 474 hereditatem:
1000 433 1073 490 quae
1094 435 1141 474 res

164 503 257 576 efficit,
281 511 311 559 ut
325 519 436 559 necesse
452 503 487 558 sit
500 503 655 578 legatariis,
677 520 711 558 ne
731 501 868 580 destituto
883 493 1050 558 testamento
1073 501 1144 558 nihil

131 587 383 662 3conseqnantur,
410 603 469 643 cum
492 585 592 643 herede
616 589 645 642 in
665 589 791 660 portione
814 587 921 660 pacisci.
958 584 1025 642 Cum
1048 594 1142 642 autern

163 675 233 729 ratio
248 673 316 747 legis
332 671 463 728 Falcidiae
478 673 606 746 ponitur,
627 679 688 727 ante
704 669 847 728 deducitur
862 687 906 726 aes
922 669 1058 742 ahenum,
1075 673 1142 726 item

164 758 267 814 funeris
283 758 403 831 impensa
417 763 445 811 et
455 757 542 829 pretia
556 773 696 813 servorum
708 756 946 827 manumissorum,
962 763 1031 812 tunc
1042 755 1143 811 deinde

164 844 191 897 in
206 841 314 916 reliquo
330 843 368 897 ita
382 841 450 897 ratio
466 839 590 912 habetur,
607 848 638 896 nt
652 857 686 896 en
701 857 734 896 eo
747 847 842 913 quarta
856 854 918 914 pars
934 839 1006 914 apud
1022 839 1142 896 heredes

164 934 314 996 remaneat,
331 922 393 980 'tres
409 941 472 980 vero
487 932 577 1000 partes
599 927 670 980 inter
690 925 835 998 legatarios
851 923 1066 995 distribuantur,
1088 941 1143 998 pro

164 1021 222 1068 rata
236 1011 340 1067 scilicet
354 1010 481 1084 portione
497 1011 571 1081 eius,
593 1008 666 1084 quod
682 1010 780 1082 cuique
796 1023 891 1064 eorum
906 1009 1030 1083 legatum
1045 1009 1142 1065 luerit.

164 1098 256 1170 itaque
271 1096 295 1150 si
310 1091 454 1168 fingamus,
471 1093 685 1168 quadringentos
700 1109 797 1148 aureos
813 1092 921 1167 legatos
936 1109 997 1150 esse
1014 1103 1042 1150 et
1058 1094 1144 1167 patri·

136 1193 141 1204 ·
164 1181 248 1236 monii
265 1179 456 1253 quantitatem,
472 1195 505 1234 er
520 1195 572 1254 qua
587 1179 677 1252 legata
691 1178 799 1252 erogari
814 1185 939 1252 oportet,
956 1177 1145 1254 quadringen-

165 1272 256 1320 torum
268 1280 338 1334 esse,
351 1269 446 1336 quarta
457 1280 519 1337 pars
533 1263 648 1338 singulis
659 1263 795 1338 legatariis
807 1261 911 1319 detrahi
923 1261 1014 1319 debet.
1042 1261 1144 1336 quodsi

165 1355 303 1406 trecentos
319 1349 517 1422 quinquaginta
530 1347 637 1422 legatos
652 1345 802 1422 fingamus,
818 1353 911 1403 octava
926 1345 1007 1403 debet
1023 1347 1143 1404 detrahi.

166 1431 264 1508 quodsi
285 1433 450 1506 quingentos
472 1431 619 1507 legaverit,
640 1433 718 1488 initio
742 1433 851 1505 quinta,
867 1431 966 1488 deinde
982 1442 1081 1506 quarta
1095 1433 1145 1488 de-

167 1518 237 1574 trahi
252 1515 346 1573 debet:
369 1523 431 1572 ante
446 1519 517 1574 enim
531 1509 727 1572 detrahendum
744 1523 802 1588 est,
824 1515 898 1590 quod
913 1525 989 1572 extra
1003 1516 1144 1574 bonorum

167 1603 344 1676 quantitatem
360 1609 413 1674 est,
428 1601 526 1657 deinde
539 1600 612 1676 quod
628 1617 660 1656 ex
675 1599 754 1656 bonis
768 1599 840 1675 apud
855 1600 984 1658 heredem
999 1619 1144 1660 remanere

165 1693 286 1760 oportet.
725 1705 730 1716 ·

576 1879 633 1921 etr.
642 1881 730 1920 xxm

274 1981 706 2034 DE·FIDEICOMMISSAR11S
725 1984 1036 2038 HEREDITATIBUS.

116 2108 151 2150 Pr·
232 2104 309 2161 Nunc
333 2111 499 2162 transeamus
527 2105 559 2161 ad
581 2105 794 2162 fideicommissa.
832 2115 858 2162 et
884 2107 960 2180 prius
982 2107 1017 2164 de
1034 2109 1147 2166 heredi·

167 2189 268 2244 tatibus
284 2187 539 2247 fideicommissariis
555 2191 699 2246 videamus.

135 2277 149 2323 1
232 2273 375 2330 Sciendum
389 2276 481 2348 itaque
496 2281 553 2347 est,
575 2276 663 2330 omnia
679 2273 884 2331 fideicommissa
898 2277 993 2350 primis
1009 2281 1145 2352 tempori-

168 2356 218 2412 bus
233 2355 338 2412 infirma
353 2375 424 2430 esse,
441 2361 504 2431 quia
518 2375 598 2414 nemo
613 2361 712 2415 invitus
728 2358 879 2434 cogebatur
893 2369 1032 2434 praestare
1048 2363 1088 2434 id,
1105 2363 1143 2419 de

169 2457 223 2514 quo
244 2449 358 2515 rogatus
379 2450 449 2497 erat:
472 2441 569 2515 quibus
590 2445 660 2499 enim
681 2460 736 2500 non
759 2451 888 2518 poterant
907 2443 1075 2504 hereditates
1099 2447 1144 2504 vel

167 2525 257 2599 legata
271 2525 440 2599 relinquere,
464 2528 488 2582 si
508 2525 712 2601 relinquebant,
734 2525 795 2584 fidei
813 2528 1019 2586 committebant
1034 2521 1144 2603 corum,

170 2611 216 2683 qni
231 2625 328 2684 capere
343 2627 376 2666 ex
390 2617 553 2668 testamento
569 2619 711 2686 poterant:
733 2619 761 2668 et
781 2611 842 2668 ideo
865 2612 1074 2671 fideicommissa
1096 2633 1145 2691 ap-

168 2695 268 2768 pellata
287 2705 368 2768 sunt,
395 2698 458 2770 quia
477 2695 554 2752 nullo
580 2697 688 2753 vinculo
711 2697 794 2768 iuris,
825 2698 874 2754 sed
900 2706 1006 2754 tantum
1033 2700 1146 2774 pudore

168 2795 278 2854 eornm,
299 2782 346 2856 qui
366 2779 548 2855 rogabantur,
570 2780 786 2838 continebantur.
823 2789 919 2856 postea
938 2785 1043 2856 primus
1062 2783 1145 2842 divus

168 2865 310 2939 Augustus
325 2863 410 2922 semel
424 2867 578 2938 iterumque
593 2867 680 2940 gratia
694 2881 872 2940 personarum
888 2875 995 2940 motus,
1018 2867 1062 2925 vel
1078 2872 1147 2944 quia

167 2964 217 3022 per
236 2949 321 3022 ipsius
342 2949 454 3006 salutem
475 2957 588 3024 rogatus
610 2952 670 3024 quis
696 2949 847 3024 diceretur,
874 2959 921 3007 ant
947 2951 982 3008 ob
1003 2953 1147 3028 insignem

169 3033 338 3106 quorundam
349 3032 488 3107 perfidiam
502 3035 582 3091 iussit
596 3033 752 3091 consulibus
764 3037 952 3092 auctoritatem
964 3053 1041 3093 suana
1056 3039 1149 3094 inter-

6 3115 8 3120 ’
76 3133 78 3138 ’
168 3135 280 3192 ponere.
312 3118 385 3194 quod
407 3120 468 3194 qnia
486 3121 587 3176 iustum
608 3119 748 3176 videbatur
762 3127 790 3176 et
804 3120 935 3196 populare
951 3129 1027 3193 erat,
1049 3123 1149 3196 paula-

168 3204 217 3259 tim
233 3220 393 3262 conversum
409 3213 451 3260 est
464 3205 493 3260 in
508 3201 644 3262 adsiduam
658 3204 886 3262 iurisdictionem:
903 3213 1050 3280 tantusque
1066 3206 1152 3264 iavor

169 3369 372 3378 —0———--.-

238 3467 258 3534 1)
276 3492 310 3512 =
330 3469 386 3523 aaa.
399 3472 423 3533 2,
442 3473 501 3524 nto.
520 3471 578 3522 aar.
