2464 3916
183 204 243 268 108
305 219 340 254 ns
361 219 500 254 nnurrrrra
519 217 710 254 acennroaun
731 217 918 254 succrementa
937 202 988 267 111,
1008 205 1033 254 2.

181 364 269 436 patrui
290 363 332 417 sui
353 367 500 431 vocentur,
528 359 577 416 sed
598 361 677 415 etiam
704 375 846 433 germanae
872 360 1088 434 consanguineae
1106 360 1143 415 rel

180 447 283 502 sororis
299 447 421 501 uterinae
436 443 507 500 lilius
524 451 551 500 et
567 443 621 500 lilia
635 443 687 500 soli
703 451 734 519 et
745 459 800 498 non
813 442 939 517 deinceps
954 459 1086 517 personae
1098 459 1143 500 uua

180 545 241 586 cum
263 531 304 586 his
326 530 359 585 ad
380 531 437 584 iura
458 519 582 584 avunculi
607 529 650 583 sui
670 529 827 601 perveniant
853 535 881 582 et
901 535 1012 584 mortuo
1033 544 1081 598 eo,
1103 531 1146 602 qui

180 623 294 688 patruus
316 613 424 687 quidem
446 619 488 668 est
510 612 599 669 fratris
621 613 663 668 sni
680 611 757 682 liliis,
779 607 927 668 avuncrdus
942 620 1033 668 autem
1048 614 1144 668 sororis

180 715 244 754 suae
259 697 359 769 suboli,
374 697 455 753 simili
470 697 551 754 modo
568 695 600 751 ab
613 705 730 769 utroque
746 696 830 752 latere
844 695 1000 768 succedant,
1016 705 1147 770 tamquam

180 784 203 838 si
219 799 313 840 omnes
329 799 362 838 cx
377 781 502 838 masculis
517 780 712 838 descendentes
733 781 855 854 legitimo
875 782 935 836 iure
956 782 1077 852 veniant,
1099 782 1147 836 sci·

180 867 243 923 licet
263 865 308 924 ubi
330 867 414 922 irater
434 873 462 922 et
482 883 563 922 soror
577 865 737 939 superstites
753 881 808 920 non
823 873 888 920 sunt
908 864 959 936 (his
976 867 1074 922 etenim
1090 882 1148 939 per·

180 953 254 1008 sonis
270 949 492 1026 praecedentibus
508 959 535 1006 et
551 950 751 1006 successionem
771 949 975 1006 admittentibus
991 951 1075 1006 ceteri
1090 955 1148 1024 gra:

181 1037 231 1092 dus
252 1043 392 1092 remanent
415 1036 523 1108 penitus
549 1031 671 1106 semoth:
702 1032 826 1090 videlicet
851 1033 1002 1090 hereditate
1027 1051 1082 1090 non
1102 1029 1147 1089 in¹

147 1129 162 1176 5
180 1122 294 1193 stirpes,
315 1120 363 1175 sed
384 1121 411 1174 in
427 1121 513 1192 capita
528 1117 679 1174 dividenda.
710 1117 738 1173 Si
752 1117 845 1191 plures
866 1119 921 1174 sint
936 1117 1036 1192 gradus
1052 1118 1151 1193 adgna-

181 1213 282 1274 torum,
298 1212 391 1278 aperte
406 1203 450 1258 ier
464 1203 606 1259 duodecim
616 1201 770 1262 ‚tabularum
784 1203 937 1276 proximum
953 1211 1044 1258 vocat:
1061 1204 1152 1276 itaque

180 1290 202 1343 si
219 1287 293 1346 verbi
316 1290 404 1362 gratia
423 1289 459 1344 sit
481 1288 564 1344 irater
585 1287 706 1344 defuncti
728 1295 755 1342 et
775 1287 885 1342 alterius
906 1287 997 1343 iratris
1019 1286 1090 1342 lilius
1106 1296 1152 1342 aut

180 1380 310 1446 patruus,
332 1372 416 1428 irater
435 1375 529 1446 potior
548 1371 671 1428 habetur.
704 1379 731 1427 et
747 1373 866 1444 quamvis
888 1371 1019 1446 singulari
1037 1388 1151 1428 numero

180 1475 229 1513 usa
243 1457 286 1513 lex
307 1458 459 1531 proximum
480 1464 573 1527 vocet,
598 1465 686 1513 tamen
701 1455 811 1511 dubium
832 1472 888 1512 non
904 1464 962 1527 est,
985 1458 1050 1530 quin
1070 1465 1114 1526 et,
1129 1458 1153 1511 si

180 1543 272 1616 plures
293 1544 347 1598 sint
368 1541 489 1598 eiusdem
511 1541 626 1614 gradus,
648 1557 742 1596 omnes
757 1539 944 1596 admittantur:
971 1557 1031 1596 nam
1047 1548 1074 1596 et
1089 1557 1154 1614 pro-

181 1629 239 1700 prie
260 1629 399 1700 proximus
420 1643 451 1682 cx
474 1625 597 1700 pluribus
619 1625 748 1699 gradibus
763 1625 935 1698 intellegitur
955 1633 982 1680 et
997 1635 1088 1680 tamen
1104 1625 1154 1679 du·

181 1711 253 1767 bium
271 1727 326 1766 non
342 1719 393 1780 est,
406 1712 481 1782 quin,
494 1710 557 1764 licet
569 1726 640 1765 unus
656 1712 692 1765 sit
700 1709 801 1784 gradus
814 1709 1002 1782 adgnatorum,
1018 1711 1155 1783 pertineat

147 1806 163 1852 6
182 1795 214 1849 ad
229 1811 276 1849 eos
293 1793 437 1850 hereditas.
468 1793 610 1848 Proximus
625 1803 724 1864 autem,
740 1795 763 1848 si
778 1794 886 1868 quidem
898 1794 974 1850 nullo
989 1802 1155 1850 testamento

182 1878 254 1934 lacto
270 1879 386 1951 quisque
401 1877 559 1948 decesserit,
575 1894 624 1951 per
640 1879 692 1934 hoc
708 1887 813 1952 tempus
829 1880 993 1952 requiritur,
1009 1895 1065 1951 quo
1082 1895 1154 1933 mor·

181 1972 244 2018 tuus
261 1970 303 2018 est
317 1964 351 2033 is,
367 1964 443 2018 euius
460 1962 493 2018 de
509 1962 657 2019 hereditate
673 1964 822 2036 quaeritur.
858 1963 955 2036 quodsi
976 1962 1050 2019 lacto
1070 1971 1154 2018 testa·

181 2056 273 2104 mento
294 2049 434 2120 quisquam
455 2046 619 2119 decesserit,
642 2063 691 2121 per
711 2049 763 2104 hoc
783 2055 890 2121 tempus
911 2048 1076 2121 requiritur,
1099 2063 1154 2120 quo

180 2140 285 2188 certum
298 2149 358 2188 esse
369 2133 501 2206 coeperit,
513 2131 618 2187 nulium
629 2148 662 2187 er
672 2140 834 2188 testamento
848 2131 974 2188 heredem
984 2141 1153 2188 citaturum:

183 2227 238 2272 tum
260 2218 329 2272 enim
351 2217 461 2289 proprie
482 2217 597 2288 quisque
623 2217 793 2289 intellegitur
820 2218 965 2272 intestatus
991 2217 1153 2272 decessisse.
1228 2271 1229 2290 ,

182 2301 255 2374 quod
271 2301 378 2374 quidem
391 2299 534 2373 aliquando
547 2299 631 2374 longo
644 2309 766 2374 tempore
778 2301 941 2358 declaratur:
957 2303 985 2356 in
997 2317 1052 2373 quo
1064 2301 1155 2374 spatio

181 2385 311 2457 temporis
332 2401 412 2456 saepe
434 2383 545 2454 accidit,
568 2393 597 2438 ut
617 2386 781 2457 proximiore
802 2393 910 2440 mortuo
931 2387 1068 2460 proximus
1089 2399 1155 2438 esse
1228 2377 1229 2402 i

148 2473 162 2520 7
181 2469 299 2542 incipiat,
316 2469 362 2541 qui
383 2469 515 2523 moriente
537 2477 668 2524 testatore
689 2485 744 2525 non
765 2478 821 2526 erat
843 2471 992 2542 proximus.
1029 2467 1156 2524 Placebat

181 2560 286 2623 autem,
302 2553 329 2607 in
345 2569 378 2607 eo
394 2567 495 2626 genere
510 2552 741 2626 percipiendarum
757 2554 935 2610 hereditatum
951 2555 1156 2610 successionem

183 2653 239 2692 uon
255 2653 332 2708 esse,
359 2636 385 2692 id
401 2630 463 2692 est²
484 2639 603 2710 quamvis
619 2640 774 2711 proximus,
800 2640 847 2711 qui
861 2637 1010 2694 secundum
1026 2655 1067 2709 ea,
1085 2652 1156 2710 quae

180 2721 306 2794 diximus,
323 2731 434 2778 vocatur
449 2721 481 2776 ad
498 2722 684 2793 hereditatem,
700 2731 745 2778 aut
761 2725 894 2796 spreverit
905 2723 1084 2778 hereditatem
1095 2729 1156 2789 aut,

181 2813 325 2878 antequam
341 2807 428 2877 adeat,
445 2806 603 2877 decesserit,
620 2807 704 2864 nihilo
720 2810 805 2882 magis
821 2808 945 2882 legitimo
960 2809 1019 2863 iure
1035 2821 1156 2878 sequen·

181 2903 222 2944 tes
237 2889 425 2946 admittuntur.
457 2889 530 2962 quod
544 2891 642 2946 iterum
657 2901 797 2964 praetores
812 2892 971 2965 imperfecto
993 2893 1052 2948 iure
1067 2890 1157 2946 corri-

181 2979 289 3046 gentes,
304 2991 359 3029 non
375 2975 402 3029 in
417 2982 505 3029 totum
517 2975 576 3029 sine
588 2975 966 3050 adminiculorelinqucbaut,
987 2975 1035 3031 sed
1058 2991 1091 3031 en
1106 2989 1158 3028 co-

181 3064 326 3130 gnatorum
343 3057 438 3113 ordine
453 3074 500 3114 eos
516 3057 661 3131 vocabant,
683 3069 780 3134 utpote
795 3061 965 3134 adgnationis
980 3062 1040 3116 iure
1055 3061 1094 3116 eis
1108 3073 1157 3111 re-

180 3141 267 3198 cluso.
292 3141 339 3196 sed
353 3159 403 3197 nos
419 3141 486 3198 nihil
503 3142 599 3198 deesse
613 3145 811 3218 perfectissimo
823 3147 875 3200 iuri
892 3147 1042 3218 cupienteS,
1057 3148 1158 3198 nostra

249 3355 270 3423 ¹)
289 3357 314 3405 B
332 3373 385 3406 cum
407 3355 518 3419 Tdecpb.
539 3357 578 3420 (in
597 3357 719 3424 stirpem)
743 3360 778 3410 ed
797 3377 831 3411 ece
848 3363 978 3425 plerisque
997 3360 1070 3410 codd.
1089 3357 1156 3406 cdd.

181 3424 255 3475 Scbr.
274 3433 300 3474 et
317 3425 367 3474 Kr.
388 3425 463 3472 etiam
481 3423 543 3474 Cod.
563 3425 622 3474 libri
638 3429 748 3479 variant.
833 3427 853 3490 Ι)
877 3427 987 3492 Theoplr.
1012 3426 1040 3475 id
1059 3427 1100 3473 est
1119 3429 1159 3472 ut

180 3494 255 3541 codd.
275 3500 300 3540 et
318 3493 375 3540 edd.
395 3489 468 3538 Sodr.
488 3499 514 3539 et
533 3491 581 3542 Kr.
