<?xml version="1.0" encoding="UTF-8"?>
<!DOCTYPE html PUBLIC "-//W3C//DTD XHTML 1.0 Transitional//EN"
    "http://www.w3.org/TR/xhtml1/DTD/xhtml1-transitional.dtd">
<html xmlns="http://www.w3.org/1999/xhtml" xml:lang="en" lang="en">
 <head>
  <title>
</title>
<meta http-equiv="Content-Type" content="text/html;charset=utf-8" />
  <meta name='ocr-system' content='tesseract 3.04.00' />
  <meta name='ocr-capabilities' content='ocr_page ocr_carea ocr_par ocr_line ocrx_word'/>
</head>
<body>
  <div class='ocr_page' id='page_1' title='image "./impivstinianiin00huscgoog_0307.png"; bbox 0 0 2464 3916; ppageno 0'>
   <div class='ocr_carea' id='block_1_1' title="bbox 162 193 1007 259">
    <p class='ocr_par' dir='ltr' id='par_1_1' title="bbox 162 193 1007 259">
     <span class='ocr_line' id='line_1_1' title="bbox 162 193 1007 259; baseline -0.005 -12"><span class='ocrx_word' id='word_1_1' title='bbox 162 193 227 259; x_wconf 80' lang='grc'><strong>180</strong></span> <span class='ocrx_word' id='word_1_2' title='bbox 285 207 435 255; x_wconf 76' lang='lat' dir='ltr'><strong>cuononis</strong></span> <span class='ocrx_word' id='word_1_3' title='bbox 454 209 504 256; x_wconf 82' lang='lat' dir='ltr'><strong>no,</strong></span> <span class='ocrx_word' id='word_1_4' title='bbox 526 208 576 251; x_wconf 81' lang='lat' dir='ltr'><strong>our</strong></span> <span class='ocrx_word' id='word_1_5' title='bbox 595 208 625 244; x_wconf 84' lang='lat' dir='ltr'><strong>ua</strong></span> <span class='ocrx_word' id='word_1_6' title='bbox 644 207 750 246; x_wconf 73' lang='lat' dir='ltr'><strong>serens</strong></span> <span class='ocrx_word' id='word_1_7' title='bbox 769 207 927 244; x_wconf 79' lang='lat' dir='ltr'><strong>roussrnrs</strong></span> <span class='ocrx_word' id='word_1_8' title='bbox 947 207 1007 257; x_wconf 80' lang='lat' dir='ltr'><strong>sss,</strong></span> 
     </span>
    </p>
   </div>
   <div class='ocr_carea' id='block_1_2' title="bbox 121 347 1130 2198">
    <p class='ocr_par' dir='ltr' id='par_1_2' title="bbox 159 347 1126 931">
     <span class='ocr_line' id='line_1_2' title="bbox 160 347 1123 423; baseline 0 -15"><span class='ocrx_word' id='word_1_9' title='bbox 160 351 194 408; x_wconf 92' lang='lat' dir='ltr'><strong>de</strong></span> <span class='ocrx_word' id='word_1_10' title='bbox 208 352 258 408; x_wconf 90' lang='lat' dir='ltr'><strong>hac</strong></span> <span class='ocrx_word' id='word_1_11' title='bbox 272 352 378 410; x_wconf 88' lang='lat' dir='ltr'><strong>actione</strong></span> <span class='ocrx_word' id='word_1_12' title='bbox 393 359 421 406; x_wconf 88' lang='lat' dir='ltr'><strong>et</strong></span> <span class='ocrx_word' id='word_1_13' title='bbox 436 348 469 406; x_wconf 93' lang='lat' dir='ltr'><strong>de</strong></span> <span class='ocrx_word' id='word_1_14' title='bbox 484 351 598 420; x_wconf 85' lang='lat' dir='ltr'><strong>ceteris,</strong></span> <span class='ocrx_word' id='word_1_15' title='bbox 620 365 688 423; x_wconf 84' lang='lat' dir='ltr'><strong>quae</strong></span> <span class='ocrx_word' id='word_1_16' title='bbox 703 347 852 406; x_wconf 89' lang='lat' dir='ltr'><strong>eorundem</strong></span> <span class='ocrx_word' id='word_1_17' title='bbox 866 350 976 408; x_wconf 90' lang='lat' dir='ltr'><strong>nomine</strong></span> <span class='ocrx_word' id='word_1_18' title='bbox 990 350 1019 404; x_wconf 90' lang='lat' dir='ltr'><strong>iu</strong></span> <span class='ocrx_word' id='word_1_19' title='bbox 1033 365 1123 423; x_wconf 83' lang='lat' dir='ltr'><strong>pareu-</strong></span> 
     </span>
     <span class='ocr_line' id='line_1_3' title="bbox 160 432 1122 510; baseline -0.001 -20"><span class='ocrx_word' id='word_1_20' title='bbox 160 443 201 492; x_wconf 93' lang='lat' dir='ltr'><strong>tes</strong></span> <span class='ocrx_word' id='word_1_21' title='bbox 217 435 375 509; x_wconf 71' lang='lat' dir='ltr'><strong>dominosve</strong></span> <span class='ocrx_word' id='word_1_22' title='bbox 396 433 580 506; x_wconf 74' lang='lat' dir='ltr'><strong>domnoleni,</strong></span> <span class='ocrx_word' id='word_1_23' title='bbox 606 433 765 510; x_wconf 87' lang='lat' dir='ltr'><strong>diligentius</strong></span> <span class='ocrx_word' id='word_1_24' title='bbox 789 432 989 492; x_wconf 83' lang='lat' dir='ltr'><strong>admoneamus.</strong></span> <span class='ocrx_word' id='word_1_25' title='bbox 1013 436 1122 508; x_wconf 75' lang='lat' dir='ltr'><strong>etquis,</strong></span> 
     </span>
     <span class='ocr_line' id='line_1_4' title="bbox 159 517 1124 593; baseline -0.002 -17"><span class='ocrx_word' id='word_1_26' title='bbox 159 521 216 576; x_wconf 82' lang='lat' dir='ltr'><strong>sive</strong></span> <span class='ocrx_word' id='word_1_27' title='bbox 230 535 292 576; x_wconf 88' lang='lat' dir='ltr'><strong>cum</strong></span> <span class='ocrx_word' id='word_1_28' title='bbox 307 520 393 578; x_wconf 83' lang='lat' dir='ltr'><strong>servis</strong></span> <span class='ocrx_word' id='word_1_29' title='bbox 408 519 550 592; x_wconf 82' lang='lat' dir='ltr'><strong>negotium</strong></span> <span class='ocrx_word' id='word_1_30' title='bbox 566 526 675 593; x_wconf 85' lang='lat' dir='ltr'><strong>gestum</strong></span> <span class='ocrx_word' id='word_1_31' title='bbox 696 519 733 576; x_wconf 86' lang='lat' dir='ltr'><strong>sit</strong></span> <span class='ocrx_word' id='word_1_32' title='bbox 747 519 804 578; x_wconf 84' lang='lat' dir='ltr'><strong>sive</strong></span> <span class='ocrx_word' id='word_1_33' title='bbox 818 534 880 574; x_wconf 89' lang='lat' dir='ltr'><strong>oum</strong></span> <span class='ocrx_word' id='word_1_34' title='bbox 895 517 952 590; x_wconf 88' lang='lat' dir='ltr'><strong>bis,</strong></span> <span class='ocrx_word' id='word_1_35' title='bbox 975 518 1065 592; x_wconf 88' lang='lat' dir='ltr'><strong>quiin</strong></span> <span class='ocrx_word' id='word_1_36' title='bbox 1079 521 1124 592; x_wconf 66' lang='lat' dir='ltr'><strong>poss</strong></span> 
     </span>
     <span class='ocr_line' id='line_1_5' title="bbox 159 601 1124 678; baseline 0 -20"><span class='ocrx_word' id='word_1_37' title='bbox 159 611 260 663; x_wconf 85' lang='lat' dir='ltr'><strong>testate</strong></span> <span class='ocrx_word' id='word_1_38' title='bbox 275 605 491 678; x_wconf 77' lang='lat' dir='ltr'><strong>peremissent,</strong></span> <span class='ocrx_word' id='word_1_39' title='bbox 515 602 572 660; x_wconf 88' lang='lat' dir='ltr'><strong>lere</strong></span> <span class='ocrx_word' id='word_1_40' title='bbox 587 601 680 660; x_wconf 87' lang='lat' dir='ltr'><strong>eadem</strong></span> <span class='ocrx_word' id='word_1_41' title='bbox 699 603 759 658; x_wconf 86' lang='lat' dir='ltr'><strong>iura</strong></span> <span class='ocrx_word' id='word_1_42' title='bbox 778 609 942 672; x_wconf 86' lang='lat' dir='ltr'><strong>servantur,¹</strong></span> <span class='ocrx_word' id='word_1_43' title='bbox 960 618 996 662; x_wconf 89' lang='lat' dir='ltr'><strong>ne</strong></span> <span class='ocrx_word' id='word_1_44' title='bbox 1016 601 1124 662; x_wconf 83' lang='lat' dir='ltr'><strong>verbosa</strong></span> 
     </span>
     <span class='ocr_line' id='line_1_6' title="bbox 160 685 1126 762; baseline 0.002 -20"><span class='ocrx_word' id='word_1_45' title='bbox 160 686 205 744; x_wconf 89' lang='lat' dir='ltr'><strong>liat</strong></span> <span class='ocrx_word' id='word_1_46' title='bbox 220 687 384 762; x_wconf 64' lang='lat' dir='ltr'><strong>disputato,</strong></span> <span class='ocrx_word' id='word_1_47' title='bbox 399 686 547 762; x_wconf 78' lang='lat' dir='ltr'><strong>dirigamus</strong></span> <span class='ocrx_word' id='word_1_48' title='bbox 562 701 716 750; x_wconf 85' lang='lat' dir='ltr'><strong>sermonem</strong></span> <span class='ocrx_word' id='word_1_49' title='bbox 730 687 759 742; x_wconf 90' lang='lat' dir='ltr'><strong>in</strong></span> <span class='ocrx_word' id='word_1_50' title='bbox 770 701 913 760; x_wconf 88' lang='lat' dir='ltr'><strong>personam</strong></span> <span class='ocrx_word' id='word_1_51' title='bbox 928 687 1001 750; x_wconf 82' lang='lat' dir='ltr'><strong>servi</strong></span> <span class='ocrx_word' id='word_1_52' title='bbox 1015 685 1126 746; x_wconf 77' lang='lat' dir='ltr'><strong>domim-</strong></span> 
     </span>
     <span class='ocr_line' id='line_1_7' title="bbox 159 769 1125 846; baseline -0.002 -18"><span class='ocrx_word' id='word_1_53' title='bbox 159 789 228 846; x_wconf 87' lang='lat' dir='ltr'><strong>que,</strong></span> <span class='ocrx_word' id='word_1_54' title='bbox 243 771 315 830; x_wconf 91' lang='lat' dir='ltr'><strong>idem</strong></span> <span class='ocrx_word' id='word_1_55' title='bbox 329 771 494 836; x_wconf 76' lang='lat' dir='ltr'><strong>intellecturi</strong></span> <span class='ocrx_word' id='word_1_56' title='bbox 509 769 549 830; x_wconf 92' lang='lat' dir='ltr'><strong>de</strong></span> <span class='ocrx_word' id='word_1_57' title='bbox 558 769 651 830; x_wconf 87' lang='lat' dir='ltr'><strong>liberis</strong></span> <span class='ocrx_word' id='word_1_58' title='bbox 667 787 777 844; x_wconf 86' lang='lat' dir='ltr'><strong>quoque</strong></span> <span class='ocrx_word' id='word_1_59' title='bbox 790 779 817 827; x_wconf 89' lang='lat' dir='ltr'><strong>et</strong></span> <span class='ocrx_word' id='word_1_60' title='bbox 828 769 996 844; x_wconf 79' lang='lat' dir='ltr'><strong>parentibus,</strong></span> <span class='ocrx_word' id='word_1_61' title='bbox 1012 787 1125 844; x_wconf 85' lang='lat' dir='ltr'><strong>quorum</strong></span> 
     </span>
     <span class='ocr_line' id='line_1_8' title="bbox 159 853 1127 962; baseline -0.003 -50"><span class='ocrx_word' id='word_1_62' title='bbox 159 858 188 912; x_wconf 91' lang='lat' dir='ltr'><strong>in</strong></span> <span class='ocrx_word' id='word_1_63' title='bbox 202 864 339 931; x_wconf 86' lang='lat' dir='ltr'><strong>potestate</strong></span> <span class='ocrx_word' id='word_1_64' title='bbox 353 863 427 914; x_wconf 88' lang='lat' dir='ltr'><strong>sunt.</strong></span> <span class='ocrx_word' id='word_1_65' title='bbox 457 871 519 912; x_wconf 80' lang='lat' dir='ltr'><strong>unm</strong></span> <span class='ocrx_word' id='word_1_66' title='bbox 541 857 566 912; x_wconf 93' lang='lat' dir='ltr'><strong>si</strong></span> <span class='ocrx_word' id='word_1_67' title='bbox 585 854 672 930; x_wconf 85' lang='lat' dir='ltr'><strong>quid</strong></span> <span class='ocrx_word' id='word_1_68' title='bbox 664 871 693 912; x_wconf 88' lang='grc' dir='ltr'><strong>ιιι</strong></span> <span class='ocrx_word' id='word_1_69' title='bbox 707 855 753 962; x_wconf 82' lang='lat' dir='ltr'><strong>iris</strong></span> <span class='ocrx_word' id='word_1_70' title='bbox 764 856 882 930; x_wconf 84' lang='lat' dir='ltr'><strong>proprie</strong></span> <span class='ocrx_word' id='word_1_71' title='bbox 890 853 1127 926; x_wconf 73' lang='lat' dir='ltr'><strong>observetur,se</strong></span> 
     </span>
    </p>

    <p class='ocr_par' dir='ltr' id='par_1_3' title="bbox 121 933 492 1016">
     <span class='ocr_line' id='line_1_9' title="bbox 121 933 492 1016; baseline -0.012 -14"><span class='ocrx_word' id='word_1_72' title='bbox 121 939 138 944; x_wconf 83' lang='grc'>”</span> <span class='ocrx_word' id='word_1_73' title='bbox 159 939 271 1016; x_wconf 85' lang='lat' dir='ltr'><strong>paratim</strong></span> <span class='ocrx_word' id='word_1_74' title='bbox 286 933 492 1002; x_wconf 75' lang='lat' dir='ltr'><strong>ostendemus-¹</strong></span> 
     </span>
    </p>

    <p class='ocr_par' dir='ltr' id='par_1_4' title="bbox 126 1019 1128 1269">
     <span class='ocr_line' id='line_1_10' title="bbox 126 1019 1128 1101; baseline -0.003 -19"><span class='ocrx_word' id='word_1_75' title='bbox 126 1034 140 1082; x_wconf 91' lang='lat'>1</span> <span class='ocrx_word' id='word_1_76' title='bbox 224 1019 272 1088; x_wconf 84' lang='lat' dir='ltr'><strong>²st</strong></span> <span class='ocrx_word' id='word_1_77' title='bbox 286 1027 393 1101; x_wconf 88' lang='lat' dir='ltr'><strong>igitur&#39;</strong></span> <span class='ocrx_word' id='word_1_78' title='bbox 386 1041 463 1082; x_wconf 80' lang='lat' dir='ltr'><strong>rrusu</strong></span> <span class='ocrx_word' id='word_1_79' title='bbox 477 1023 580 1084; x_wconf 90' lang='lat' dir='ltr'><strong>domini</strong></span> <span class='ocrx_word' id='word_1_80' title='bbox 595 1039 656 1082; x_wconf 91' lang='lat' dir='ltr'><strong>cum</strong></span> <span class='ocrx_word' id='word_1_81' title='bbox 681 1041 761 1081; x_wconf 82' lang='lat' dir='ltr'><strong>servo</strong></span> <span class='ocrx_word' id='word_1_82' title='bbox 786 1024 928 1098; x_wconf 74' lang='lat' dir='ltr'><strong>negodum</strong></span> <span class='ocrx_word' id='word_1_83' title='bbox 943 1033 1054 1098; x_wconf 83' lang='lat' dir='ltr'><strong>gestum</strong></span> <span class='ocrx_word' id='word_1_84' title='bbox 1066 1025 1128 1095; x_wconf 87' lang='lat' dir='ltr'><strong>erit,</strong></span> 
     </span>
     <span class='ocr_line' id='line_1_11' title="bbox 159 1107 1128 1183; baseline -0.002 -15"><span class='ocrx_word' id='word_1_85' title='bbox 159 1111 187 1168; x_wconf 94' lang='lat' dir='ltr'><strong>in</strong></span> <span class='ocrx_word' id='word_1_86' title='bbox 211 1109 330 1170; x_wconf 88' lang='lat' dir='ltr'><strong>solidum</strong></span> <span class='ocrx_word' id='word_1_87' title='bbox 360 1117 470 1183; x_wconf 83' lang='lat' dir='ltr'><strong>praetor</strong></span> <span class='ocrx_word' id='word_1_88' title='bbox 500 1107 628 1168; x_wconf 85' lang='lat' dir='ltr'><strong>adversus</strong></span> <span class='ocrx_word' id='word_1_89' title='bbox 650 1108 790 1166; x_wconf 89' lang='lat' dir='ltr'><strong>dominum</strong></span> <span class='ocrx_word' id='word_1_90' title='bbox 814 1109 948 1170; x_wconf 73' lang='lat' dir='ltr'><strong>actionem</strong></span> <span class='ocrx_word' id='word_1_91' title='bbox 971 1108 1128 1182; x_wconf 82' lang='lat' dir='ltr'><strong>pollicetur,</strong></span> 
     </span>
     <span class='ocr_line' id='line_1_12' title="bbox 158 1191 1128 1269; baseline 0 -19"><span class='ocrx_word' id='word_1_92' title='bbox 158 1194 262 1254; x_wconf 86' lang='lat' dir='ltr'><strong>scilicet</strong></span> <span class='ocrx_word' id='word_1_93' title='bbox 284 1196 352 1269; x_wconf 79' lang='lat' dir='ltr'><strong>quia,</strong></span> <span class='ocrx_word' id='word_1_94' title='bbox 371 1195 419 1268; x_wconf 85' lang='lat' dir='ltr'><strong>qui</strong></span> <span class='ocrx_word' id='word_1_95' title='bbox 443 1196 481 1255; x_wconf 83' lang='lat' dir='ltr'><strong>ita</strong></span> <span class='ocrx_word' id='word_1_96' title='bbox 503 1195 654 1266; x_wconf 85' lang='lat' dir='ltr'><strong>contrabit,</strong></span> <span class='ocrx_word' id='word_1_97' title='bbox 681 1191 761 1252; x_wconf 87' lang='lat' dir='ltr'><strong>iidem</strong></span> <span class='ocrx_word' id='word_1_98' title='bbox 787 1192 889 1256; x_wconf 86' lang='lat' dir='ltr'><strong>domini</strong></span> <span class='ocrx_word' id='word_1_99' title='bbox 913 1194 992 1268; x_wconf 81' lang='lat' dir='ltr'><strong>sequi</strong></span> <span class='ocrx_word' id='word_1_100' title='bbox 1010 1192 1128 1251; x_wconf 89' lang='lat' dir='ltr'><strong>videtur.</strong></span> 
     </span>
    </p>

    <p class='ocr_par' dir='ltr' id='par_1_5' title="bbox 125 1277 1130 2116">
     <span class='ocr_line' id='line_1_13' title="bbox 125 1277 1129 1352; baseline -0.003 -16"><span class='ocrx_word' id='word_1_101' title='bbox 125 1279 141 1328; x_wconf 80' lang='lat'>2</span> <span class='ocrx_word' id='word_1_102' title='bbox 157 1277 256 1338; x_wconf 80' lang='lat' dir='ltr'><strong>Eadem</strong></span> <span class='ocrx_word' id='word_1_103' title='bbox 272 1279 378 1341; x_wconf 88' lang='lat' dir='ltr'><strong>ratione</strong></span> <span class='ocrx_word' id='word_1_104' title='bbox 392 1286 504 1352; x_wconf 87' lang='lat' dir='ltr'><strong>praetor</strong></span> <span class='ocrx_word' id='word_1_105' title='bbox 519 1277 585 1336; x_wconf 92' lang='lat' dir='ltr'><strong>duas</strong></span> <span class='ocrx_word' id='word_1_106' title='bbox 607 1278 671 1336; x_wconf 85' lang='lat' dir='ltr'><strong>alias</strong></span> <span class='ocrx_word' id='word_1_107' title='bbox 687 1279 715 1334; x_wconf 91' lang='lat' dir='ltr'><strong>iu</strong></span> <span class='ocrx_word' id='word_1_108' title='bbox 736 1277 855 1336; x_wconf 80' lang='lat' dir='ltr'><strong>solidum</strong></span> <span class='ocrx_word' id='word_1_109' title='bbox 874 1277 995 1336; x_wconf 87' lang='lat' dir='ltr'><strong>actiones</strong></span> <span class='ocrx_word' id='word_1_110' title='bbox 1016 1277 1129 1352; x_wconf 81' lang='lat' dir='ltr'><strong>pollice·</strong></span> 
     </span>
     <span class='ocr_line' id='line_1_14' title="bbox 158 1361 1127 1440; baseline -0.001 -21"><span class='ocrx_word' id='word_1_111' title='bbox 158 1371 221 1435; x_wconf 85' lang='lat' dir='ltr'><strong>tur,</strong></span> <span class='ocrx_word' id='word_1_112' title='bbox 243 1379 359 1440; x_wconf 82' lang='lat' dir='ltr'><strong>quarum</strong></span> <span class='ocrx_word' id='word_1_113' title='bbox 385 1362 470 1426; x_wconf 84' lang='lat' dir='ltr'><strong>altera</strong></span> <span class='ocrx_word' id='word_1_114' title='bbox 495 1363 670 1434; x_wconf 78' lang='lat' dir='ltr'><strong>exercitoria,</strong></span> <span class='ocrx_word' id='word_1_115' title='bbox 698 1363 784 1420; x_wconf 79' lang='lat' dir='ltr'><strong>alima</strong></span> <span class='ocrx_word' id='word_1_116' title='bbox 807 1363 949 1429; x_wconf 79' lang='lat' dir='ltr'><strong>institoris.</strong></span> <span class='ocrx_word' id='word_1_117' title='bbox 967 1361 1127 1436; x_wconf 78' lang='lat' dir='ltr'><strong>appellatur.</strong></span> 
     </span>
     <span class='ocr_line' id='line_1_15' title="bbox 159 1446 1130 1521; baseline -0.004 -15"><span class='ocrx_word' id='word_1_118' title='bbox 159 1449 319 1510; x_wconf 80' lang='lat' dir='ltr'><strong>exercitoria</strong></span> <span class='ocrx_word' id='word_1_119' title='bbox 339 1447 519 1510; x_wconf 79' lang='lat' dir='ltr'><strong>tuno&#39;locum,</strong></span> <span class='ocrx_word' id='word_1_120' title='bbox 536 1446 632 1519; x_wconf 84' lang='lat' dir='ltr'><strong>babet,</strong></span> <span class='ocrx_word' id='word_1_121' title='bbox 653 1464 713 1504; x_wconf 91' lang='lat' dir='ltr'><strong>oum</strong></span> <span class='ocrx_word' id='word_1_122' title='bbox 735 1448 796 1521; x_wconf 88' lang='lat' dir='ltr'><strong>quis</strong></span> <span class='ocrx_word' id='word_1_123' title='bbox 817 1461 928 1514; x_wconf 80' lang='lat' dir='ltr'><strong>sernum</strong></span> <span class='ocrx_word' id='word_1_124' title='bbox 945 1463 1024 1507; x_wconf 86' lang='lat' dir='ltr'><strong>suum</strong></span> <span class='ocrx_word' id='word_1_125' title='bbox 1045 1447 1130 1521; x_wconf 85' lang='lat' dir='ltr'><strong>magi·</strong></span> 
     </span>
     <span class='ocr_line' id='line_1_16' title="bbox 159 1525 1129 1607; baseline -0.004 -17"><span class='ocrx_word' id='word_1_126' title='bbox 159 1540 247 1590; x_wconf 87' lang='lat' dir='ltr'><strong>strum</strong></span> <span class='ocrx_word' id='word_1_127' title='bbox 261 1525 353 1594; x_wconf 79' lang='lat' dir='ltr'><strong>navis³</strong></span> <span class='ocrx_word' id='word_1_128' title='bbox 375 1533 564 1607; x_wconf 65' lang='lat' dir='ltr'><strong>praeposuerit</strong></span> <span class='ocrx_word' id='word_1_129' title='bbox 585 1540 613 1588; x_wconf 87' lang='lat' dir='ltr'><strong>et</strong></span> <span class='ocrx_word' id='word_1_130' title='bbox 628 1531 693 1606; x_wconf 88' lang='lat' dir='ltr'><strong>quid</strong></span> <span class='ocrx_word' id='word_1_131' title='bbox 708 1548 768 1588; x_wconf 88' lang='lat' dir='ltr'><strong>cum</strong></span> <span class='ocrx_word' id='word_1_132' title='bbox 784 1548 820 1589; x_wconf 88' lang='lat' dir='ltr'><strong>eo</strong></span> <span class='ocrx_word' id='word_1_133' title='bbox 832 1532 946 1594; x_wconf 70' lang='lat' dir='ltr'><strong>simoni</strong></span> <span class='ocrx_word' id='word_1_134' title='bbox 960 1533 1063 1606; x_wconf 70' lang='lat' dir='ltr'><strong>gratia,</strong></span> <span class='ocrx_word' id='word_1_135' title='bbox 1086 1533 1129 1588; x_wconf 87' lang='lat' dir='ltr'><strong>cui</strong></span> 
     </span>
     <span class='ocr_line' id='line_1_17' title="bbox 158 1615 1129 1692; baseline -0.001 -20"><span class='ocrx_word' id='word_1_136' title='bbox 158 1619 331 1692; x_wconf 89' lang='lat' dir='ltr'><strong>praepositus</strong></span> <span class='ocrx_word' id='word_1_137' title='bbox 352 1619 420 1688; x_wconf 87' lang='lat' dir='ltr'><strong>erit,</strong></span> <span class='ocrx_word' id='word_1_138' title='bbox 448 1625 617 1676; x_wconf 88' lang='lat' dir='ltr'><strong>contractum</strong></span> <span class='ocrx_word' id='word_1_139' title='bbox 639 1617 731 1675; x_wconf 85' lang='lat' dir='ltr'><strong>luerit.</strong></span> <span class='ocrx_word' id='word_1_140' title='bbox 774 1615 836 1675; x_wconf 93' lang='lat' dir='ltr'><strong>ideo</strong></span> <span class='ocrx_word' id='word_1_141' title='bbox 850 1624 947 1675; x_wconf 47' lang='lat' dir='ltr'><strong>*aumns</strong></span> <span class='ocrx_word' id='word_1_142' title='bbox 967 1617 1129 1682; x_wconf 80' lang='lat' dir='ltr'><strong>exercitoria</strong></span> 
     </span>
     <span class='ocr_line' id='line_1_18' title="bbox 158 1699 1128 1774; baseline 0.001 -19"><span class='ocrx_word' id='word_1_143' title='bbox 158 1709 280 1772; x_wconf 81' lang='lat' dir='ltr'><strong>vocatur,</strong></span> <span class='ocrx_word' id='word_1_144' title='bbox 292 1703 362 1774; x_wconf 77' lang='lat' dir='ltr'><strong>qua</strong></span> <span class='ocrx_word' id='word_1_145' title='bbox 373 1702 510 1759; x_wconf 78' lang='lat' dir='ltr'><strong>exercitor</strong></span> <span class='ocrx_word' id='word_1_146' title='bbox 522 1699 673 1774; x_wconf 90' lang='lat' dir='ltr'><strong>appellatur</strong></span> <span class='ocrx_word' id='word_1_147' title='bbox 685 1702 719 1772; x_wconf 89' lang='lat' dir='ltr'><strong>is,</strong></span> <span class='ocrx_word' id='word_1_148' title='bbox 734 1699 767 1756; x_wconf 91' lang='lat' dir='ltr'><strong>ad</strong></span> <span class='ocrx_word' id='word_1_149' title='bbox 783 1717 864 1774; x_wconf 88' lang='lat' dir='ltr'><strong>quem</strong></span> <span class='ocrx_word' id='word_1_150' title='bbox 870 1699 1039 1767; x_wconf 83' lang='lat' dir='ltr'><strong>cottidianus</strong></span> <span class='ocrx_word' id='word_1_151' title='bbox 1055 1703 1128 1763; x_wconf 81' lang='lat' dir='ltr'><strong>navis</strong></span> 
     </span>
     <span class='ocr_line' id='line_1_19' title="bbox 159 1783 1129 1865; baseline 0 -25"><span class='ocrx_word' id='word_1_152' title='bbox 159 1792 288 1858; x_wconf 77' lang='lat' dir='ltr'><strong>quaestus</strong></span> <span class='ocrx_word' id='word_1_153' title='bbox 308 1786 438 1858; x_wconf 79' lang='lat' dir='ltr'><strong>pertinet.</strong></span> <span class='ocrx_word' id='word_1_154' title='bbox 463 1785 597 1850; x_wconf 81' lang='lat' dir='ltr'><strong>institoria</strong></span> <span class='ocrx_word' id='word_1_155' title='bbox 617 1793 683 1846; x_wconf 89' lang='lat' dir='ltr'><strong>tuno</strong></span> <span class='ocrx_word' id='word_1_156' title='bbox 703 1783 794 1850; x_wconf 82' lang='lat' dir='ltr'><strong>locum</strong></span> <span class='ocrx_word' id='word_1_157' title='bbox 813 1783 911 1857; x_wconf 78' lang='lat' dir='ltr'><strong>hebet,</strong></span> <span class='ocrx_word' id='word_1_158' title='bbox 931 1802 994 1844; x_wconf 88' lang='lat' dir='ltr'><strong>cum</strong></span> <span class='ocrx_word' id='word_1_159' title='bbox 1014 1786 1081 1865; x_wconf 77' lang='lat' dir='ltr'><strong>quis</strong></span> <span class='ocrx_word' id='word_1_160' title='bbox 1091 1793 1129 1840; x_wconf 84' lang='lat' dir='ltr'><strong>ta-</strong></span> 
     </span>
     <span class='ocr_line' id='line_1_20' title="bbox 158 1866 1129 1944; baseline -0.002 -18"><span class='ocrx_word' id='word_1_161' title='bbox 158 1868 256 1926; x_wconf 84' lang='lat' dir='ltr'><strong>berure</strong></span> <span class='ocrx_word' id='word_1_162' title='bbox 280 1869 352 1928; x_wconf 84' lang='lat' dir='ltr'><strong>rorte</strong></span> <span class='ocrx_word' id='word_1_163' title='bbox 371 1876 418 1924; x_wconf 85' lang='lat' dir='ltr'><strong>aut</strong></span> <span class='ocrx_word' id='word_1_164' title='bbox 438 1866 550 1929; x_wconf 78' lang='lat' dir='ltr'><strong>cuililiet</strong></span> <span class='ocrx_word' id='word_1_165' title='bbox 562 1869 743 1943; x_wconf 62' lang='lat' dir='ltr'><strong>negotiationi</strong></span> <span class='ocrx_word' id='word_1_166' title='bbox 768 1885 875 1932; x_wconf 84' lang='lat' dir='ltr'><strong>servum</strong></span> <span class='ocrx_word' id='word_1_167' title='bbox 897 1871 1088 1944; x_wconf 82' lang='lat' dir='ltr'><strong>praeposuerit</strong></span> <span class='ocrx_word' id='word_1_168' title='bbox 1102 1878 1129 1925; x_wconf 89' lang='lat' dir='ltr'><strong>el</strong></span> 
     </span>
     <span class='ocr_line' id='line_1_21' title="bbox 158 1952 1128 2028; baseline -0.001 -18"><span class='ocrx_word' id='word_1_169' title='bbox 158 1952 223 2028; x_wconf 90' lang='lat' dir='ltr'><strong>quid</strong></span> <span class='ocrx_word' id='word_1_170' title='bbox 238 1969 302 2016; x_wconf 84' lang='lat' dir='ltr'><strong>curn</strong></span> <span class='ocrx_word' id='word_1_171' title='bbox 315 1969 349 2010; x_wconf 93' lang='lat' dir='ltr'><strong>eo</strong></span> <span class='ocrx_word' id='word_1_172' title='bbox 365 1954 422 2010; x_wconf 89' lang='lat' dir='ltr'><strong>cius</strong></span> <span class='ocrx_word' id='word_1_173' title='bbox 437 1954 478 2011; x_wconf 90' lang='lat' dir='ltr'><strong>rei</strong></span> <span class='ocrx_word' id='word_1_174' title='bbox 498 1969 593 2026; x_wconf 83' lang='lat' dir='ltr'><strong>causa,</strong></span> <span class='ocrx_word' id='word_1_175' title='bbox 615 1955 659 2013; x_wconf 90' lang='lat' dir='ltr'><strong>cui</strong></span> <span class='ocrx_word' id='word_1_176' title='bbox 679 1953 851 2028; x_wconf 80' lang='lat' dir='ltr'><strong>praepositus</strong></span> <span class='ocrx_word' id='word_1_177' title='bbox 867 1955 937 2026; x_wconf 81' lang='lat' dir='ltr'><strong>erit,</strong></span> <span class='ocrx_word' id='word_1_178' title='bbox 958 1961 1128 2019; x_wconf 70' lang='lat' dir='ltr'><strong>conuectum</strong></span> 
     </span>
     <span class='ocr_line' id='line_1_22' title="bbox 158 2038 1129 2116; baseline 0 -22"><span class='ocrx_word' id='word_1_179' title='bbox 158 2038 250 2106; x_wconf 86' lang='lat' dir='ltr'><strong>luerit.</strong></span> <span class='ocrx_word' id='word_1_180' title='bbox 271 2038 340 2100; x_wconf 85' lang='lat' dir='ltr'><strong>ideo.</strong></span> <span class='ocrx_word' id='word_1_181' title='bbox 350 2045 440 2098; x_wconf 84' lang='lat' dir='ltr'><strong>autcm</strong></span> <span class='ocrx_word' id='word_1_182' title='bbox 455 2039 590 2116; x_wconf 82' lang='lat' dir='ltr'><strong>institoria</strong></span> <span class='ocrx_word' id='word_1_183' title='bbox 604 2039 770 2113; x_wconf 88' lang='lat' dir='ltr'><strong>appellatur,</strong></span> <span class='ocrx_word' id='word_1_184' title='bbox 792 2039 854 2112; x_wconf 87' lang='lat' dir='ltr'><strong>quia</strong></span> <span class='ocrx_word' id='word_1_185' title='bbox 874 2040 921 2113; x_wconf 88' lang='lat' dir='ltr'><strong>qul</strong></span> <span class='ocrx_word' id='word_1_186' title='bbox 935 2040 1129 2113; x_wconf 75' lang='lat' dir='ltr'><strong>negotiationi-</strong></span> 
     </span>
    </p>

    <p class='ocr_par' dir='ltr' id='par_1_6' title="bbox 124 2116 1129 2198">
     <span class='ocr_line' id='line_1_23' title="bbox 124 2116 1129 2198; baseline 0 -20"><span class='ocrx_word' id='word_1_187' title='bbox 124 2131 151 2178; x_wconf 73' lang='lat' dir='ltr'><strong>n·</strong></span> <span class='ocrx_word' id='word_1_188' title='bbox 159 2122 210 2182; x_wconf 88' lang='lat' dir='ltr'><strong>bus</strong></span> <span class='ocrx_word' id='word_1_189' title='bbox 225 2131 447 2198; x_wconf 75' lang='lat' dir='ltr'><strong>praeponuntur,</strong></span> <span class='ocrx_word' id='word_1_190' title='bbox 462 2117 604 2183; x_wconf 79' lang='lat' dir='ltr'><strong>institores</strong></span> <span class='ocrx_word' id='word_1_191' title='bbox 615 2131 753 2186; x_wconf 81' lang='lat' dir='ltr'><strong>vocantur.</strong></span> <span class='ocrx_word' id='word_1_192' title='bbox 773 2116 843 2185; x_wconf 85' lang='lat' dir='ltr'><strong>istas</strong></span> <span class='ocrx_word' id='word_1_193' title='bbox 858 2129 948 2184; x_wconf 88' lang='lat' dir='ltr'><strong>tamen</strong></span> <span class='ocrx_word' id='word_1_194' title='bbox 962 2123 1030 2180; x_wconf 89' lang='lat' dir='ltr'><strong>duas</strong></span> <span class='ocrx_word' id='word_1_195' title='bbox 1045 2125 1129 2185; x_wconf 78' lang='lat' dir='ltr'><strong>notio</strong></span> 
     </span>
    </p>
   </div>
   <div class='ocr_carea' id='block_1_3' title="bbox 158 2206 1214 2282">
    <p class='ocr_par' dir='ltr' id='par_1_7' title="bbox 158 2206 1214 2282">
     <span class='ocr_line' id='line_1_24' title="bbox 158 2206 1214 2282; baseline -0.001 -19"><span class='ocrx_word' id='word_1_196' title='bbox 158 2225 214 2268; x_wconf 89' lang='lat' dir='ltr'><strong>nes.</strong></span> <span class='ocrx_word' id='word_1_197' title='bbox 227 2217 338 2282; x_wconf 88' lang='lat' dir='ltr'><strong>praetor</strong></span> <span class='ocrx_word' id='word_1_198' title='bbox 358 2207 448 2276; x_wconf 82' lang='lat' dir='ltr'><strong>reddit</strong></span> <span class='ocrx_word' id='word_1_199' title='bbox 469 2215 497 2264; x_wconf 90' lang='lat' dir='ltr'><strong>et</strong></span> <span class='ocrx_word' id='word_1_200' title='bbox 516 2209 539 2264; x_wconf 92' lang='lat' dir='ltr'><strong>si</strong></span> <span class='ocrx_word' id='word_1_201' title='bbox 565 2206 679 2270; x_wconf 74' lang='lat' dir='ltr'><strong>liberm</strong></span> <span class='ocrx_word' id='word_1_202' title='bbox 706 2209 769 2281; x_wconf 84' lang='lat' dir='ltr'><strong>quis</strong></span> <span class='ocrx_word' id='word_1_203' title='bbox 786 2208 923 2269; x_wconf 82' lang='lat' dir='ltr'><strong>bominem</strong></span> <span class='ocrx_word' id='word_1_204' title='bbox 943 2215 991 2273; x_wconf 82' lang='lat' dir='ltr'><strong>arn</strong></span> <span class='ocrx_word' id='word_1_205' title='bbox 1009 2207 1128 2266; x_wconf 84' lang='lat' dir='ltr'><strong>alienum</strong></span> <span class='ocrx_word' id='word_1_206' title='bbox 1213 2249 1214 2252; x_wconf 15' lang='grc' dir='ltr'>η</span> 
     </span>
    </p>
   </div>
   <div class='ocr_carea' id='block_1_4' title="bbox 95 2291 1134 3127">
    <p class='ocr_par' dir='ltr' id='par_1_8' title="bbox 158 2291 1128 2368">
     <span class='ocr_line' id='line_1_25' title="bbox 158 2291 1128 2368; baseline 0 -21"><span class='ocrx_word' id='word_1_207' title='bbox 158 2309 266 2350; x_wconf 87' lang='lat' dir='ltr'><strong>servum</strong></span> <span class='ocrx_word' id='word_1_208' title='bbox 280 2293 342 2350; x_wconf 86' lang='lat' dir='ltr'><strong>navi</strong></span> <span class='ocrx_word' id='word_1_209' title='bbox 356 2299 402 2354; x_wconf 87' lang='lat' dir='ltr'><strong>aut</strong></span> <span class='ocrx_word' id='word_1_210' title='bbox 416 2291 543 2354; x_wconf 82' lang='lat' dir='ltr'><strong>tabernae</strong></span> <span class='ocrx_word' id='word_1_211' title='bbox 557 2299 604 2350; x_wconf 93' lang='lat' dir='ltr'><strong>aut</strong></span> <span class='ocrx_word' id='word_1_212' title='bbox 615 2291 726 2354; x_wconf 84' lang='lat' dir='ltr'><strong>cuilibet</strong></span> <span class='ocrx_word' id='word_1_213' title='bbox 735 2293 917 2368; x_wconf 74' lang='lat' dir='ltr'><strong>negotiationi</strong></span> <span class='ocrx_word' id='word_1_214' title='bbox 927 2294 1128 2366; x_wconf 83' lang='lat' dir='ltr'><strong>praeposuerit,</strong></span> 
     </span>
    </p>

    <p class='ocr_par' dir='ltr' id='par_1_9' title="bbox 124 2375 1134 2535">
     <span class='ocr_line' id='line_1_26' title="bbox 158 2375 1126 2450; baseline 0 -19"><span class='ocrx_word' id='word_1_215' title='bbox 158 2375 261 2432; x_wconf 88' lang='lat' dir='ltr'><strong>scilicet</strong></span> <span class='ocrx_word' id='word_1_216' title='bbox 277 2378 339 2450; x_wconf 89' lang='lat' dir='ltr'><strong>quia</strong></span> <span class='ocrx_word' id='word_1_217' title='bbox 353 2376 445 2434; x_wconf 89' lang='lat' dir='ltr'><strong>eadem</strong></span> <span class='ocrx_word' id='word_1_218' title='bbox 461 2378 605 2450; x_wconf 80' lang='lat' dir='ltr'><strong>requitatis</strong></span> <span class='ocrx_word' id='word_1_219' title='bbox 615 2378 685 2434; x_wconf 77' lang='lat' dir='ltr'><strong>ratio</strong></span> <span class='ocrx_word' id='word_1_220' title='bbox 701 2379 781 2434; x_wconf 64' lang='lat' dir='ltr'><strong>mam</strong></span> <span class='ocrx_word' id='word_1_221' title='bbox 796 2393 829 2434; x_wconf 90' lang='lat' dir='ltr'><strong>ao</strong></span> <span class='ocrx_word' id='word_1_222' title='bbox 842 2393 907 2433; x_wconf 88' lang='lat' dir='ltr'><strong>casu</strong></span> <span class='ocrx_word' id='word_1_223' title='bbox 921 2375 1126 2434; x_wconf 85' lang='lat' dir='ltr'><strong>interveniebat.</strong></span> 
     </span>
     <span class='ocr_line' id='line_1_27' title="bbox 124 2459 1134 2535; baseline 0.006 -25"><span class='ocrx_word' id='word_1_224' title='bbox 124 2463 140 2510; x_wconf 88' lang='lat'><strong>3</strong></span> <span class='ocrx_word' id='word_1_225' title='bbox 156 2459 310 2516; x_wconf 86' lang='lat' dir='ltr'><strong>introduxit</strong></span> <span class='ocrx_word' id='word_1_226' title='bbox 330 2467 358 2516; x_wconf 93' lang='lat' dir='ltr'><strong>et</strong></span> <span class='ocrx_word' id='word_1_227' title='bbox 372 2459 449 2516; x_wconf 88' lang='lat' dir='ltr'><strong>aliam</strong></span> <span class='ocrx_word' id='word_1_228' title='bbox 464 2462 596 2516; x_wconf 83' lang='lat' dir='ltr'><strong>actionem</strong></span> <span class='ocrx_word' id='word_1_229' title='bbox 616 2468 741 2534; x_wconf 89' lang='lat' dir='ltr'><strong>praetor,</strong></span> <span class='ocrx_word' id='word_1_230' title='bbox 763 2477 832 2535; x_wconf 89' lang='lat' dir='ltr'><strong>quae</strong></span> <span class='ocrx_word' id='word_1_231' title='bbox 845 2459 989 2525; x_wconf 83' lang='lat' dir='ltr'><strong>tnbutorin</strong></span> <span class='ocrx_word' id='word_1_232' title='bbox 1003 2468 1134 2526; x_wconf 60' lang='lat' dir='ltr'><strong>vocatur„</strong></span> 
     </span>
    </p>

    <p class='ocr_par' dir='ltr' id='par_1_10' title="bbox 95 2545 1129 3127">
     <span class='ocr_line' id='line_1_28' title="bbox 157 2545 1127 2620; baseline 0 -20"><span class='ocrx_word' id='word_1_233' title='bbox 157 2559 272 2620; x_wconf 90' lang='lat' dir='ltr'><strong>namque</strong></span> <span class='ocrx_word' id='word_1_234' title='bbox 303 2545 330 2600; x_wconf 91' lang='lat' dir='ltr'><strong>si</strong></span> <span class='ocrx_word' id='word_1_235' title='bbox 365 2559 475 2600; x_wconf 88' lang='lat' dir='ltr'><strong>servus.</strong></span> <span class='ocrx_word' id='word_1_236' title='bbox 494 2545 522 2600; x_wconf 90' lang='lat' dir='ltr'><strong>in</strong></span> <span class='ocrx_word' id='word_1_237' title='bbox 556 2545 686 2618; x_wconf 89' lang='lat' dir='ltr'><strong>peculiari</strong></span> <span class='ocrx_word' id='word_1_238' title='bbox 719 2562 829 2616; x_wconf 87' lang='lat' dir='ltr'><strong>merce,</strong></span> <span class='ocrx_word' id='word_1_239' title='bbox 865 2547 968 2602; x_wconf 89' lang='lat' dir='ltr'><strong>sciente</strong></span> <span class='ocrx_word' id='word_1_240' title='bbox 1003 2545 1127 2616; x_wconf 90' lang='lat' dir='ltr'><strong>domino,</strong></span> 
     </span>
     <span class='ocr_line' id='line_1_29' title="bbox 95 2627 1128 2704; baseline 0 -19"><span class='ocrx_word' id='word_1_241' title='bbox 95 2655 98 2660; x_wconf 94' lang='lat'>·</span> <span class='ocrx_word' id='word_1_242' title='bbox 157 2631 316 2704; x_wconf 87' lang='lat' dir='ltr'><strong>negotietur</strong></span> <span class='ocrx_word' id='word_1_243' title='bbox 331 2637 358 2685; x_wconf 90' lang='lat' dir='ltr'><strong>et</strong></span> <span class='ocrx_word' id='word_1_244' title='bbox 374 2627 438 2702; x_wconf 90' lang='lat' dir='ltr'><strong>quid</strong></span> <span class='ocrx_word' id='word_1_245' title='bbox 453 2645 513 2684; x_wconf 87' lang='lat' dir='ltr'><strong>curn</strong></span> <span class='ocrx_word' id='word_1_246' title='bbox 540 2645 573 2686; x_wconf 93' lang='lat' dir='ltr'><strong>eo</strong></span> <span class='ocrx_word' id='word_1_247' title='bbox 589 2631 646 2685; x_wconf 92' lang='lat' dir='ltr'><strong>eius</strong></span> <span class='ocrx_word' id='word_1_248' title='bbox 661 2632 701 2686; x_wconf 93' lang='lat' dir='ltr'><strong>rei</strong></span> <span class='ocrx_word' id='word_1_249' title='bbox 716 2647 796 2687; x_wconf 83' lang='lat' dir='ltr'><strong>causa</strong></span> <span class='ocrx_word' id='word_1_250' title='bbox 810 2639 979 2686; x_wconf 83' lang='lat' dir='ltr'><strong>contractum</strong></span> <span class='ocrx_word' id='word_1_251' title='bbox 999 2631 1070 2700; x_wconf 82' lang='lat' dir='ltr'><strong>erit,</strong></span> <span class='ocrx_word' id='word_1_252' title='bbox 1090 2631 1128 2686; x_wconf 87' lang='lat' dir='ltr'><strong>ita</strong></span> 
     </span>
     <span class='ocr_line' id='line_1_30' title="bbox 156 2712 1128 2790; baseline 0 -22"><span class='ocrx_word' id='word_1_253' title='bbox 156 2722 267 2787; x_wconf 90' lang='lat' dir='ltr'><strong>praetor</strong></span> <span class='ocrx_word' id='word_1_254' title='bbox 281 2716 323 2770; x_wconf 92' lang='lat' dir='ltr'><strong>ius</strong></span> <span class='ocrx_word' id='word_1_255' title='bbox 340 2713 421 2790; x_wconf 89' lang='lat' dir='ltr'><strong>dicit,</strong></span> <span class='ocrx_word' id='word_1_256' title='bbox 447 2721 493 2782; x_wconf 87' lang='lat' dir='ltr'><strong>ut,</strong></span> <span class='ocrx_word' id='word_1_257' title='bbox 522 2712 653 2788; x_wconf 88' lang='lat' dir='ltr'><strong>quidquid</strong></span> <span class='ocrx_word' id='word_1_258' title='bbox 679 2715 764 2772; x_wconf 79' lang='lat' dir='ltr'><strong>iuliis</strong></span> <span class='ocrx_word' id='word_1_259' title='bbox 780 2713 913 2782; x_wconf 82' lang='lat' dir='ltr'><strong>mercibus</strong></span> <span class='ocrx_word' id='word_1_260' title='bbox 928 2716 982 2770; x_wconf 91' lang='lat' dir='ltr'><strong>erit</strong></span> <span class='ocrx_word' id='word_1_261' title='bbox 997 2714 1128 2788; x_wconf 86' lang='lat' dir='ltr'><strong>quodque</strong></span> 
     </span>
     <span class='ocr_line' id='line_1_31' title="bbox 156 2797 1129 2873; baseline 0 -21"><span class='ocrx_word' id='word_1_262' title='bbox 156 2797 219 2854; x_wconf 91' lang='lat' dir='ltr'><strong>inde</strong></span> <span class='ocrx_word' id='word_1_263' title='bbox 232 2806 372 2872; x_wconf 87' lang='lat' dir='ltr'><strong>receptum</strong></span> <span class='ocrx_word' id='word_1_264' title='bbox 388 2799 456 2869; x_wconf 80' lang='lat' dir='ltr'><strong>erit,</strong></span> <span class='ocrx_word' id='word_1_265' title='bbox 471 2797 498 2853; x_wconf 94' lang='lat' dir='ltr'><strong>id</strong></span> <span class='ocrx_word' id='word_1_266' title='bbox 513 2799 584 2854; x_wconf 86' lang='lat' dir='ltr'><strong>inter</strong></span> <span class='ocrx_word' id='word_1_267' title='bbox 599 2799 751 2870; x_wconf 84' lang='lat' dir='ltr'><strong>domiuum,</strong></span> <span class='ocrx_word' id='word_1_268' title='bbox 772 2800 795 2856; x_wconf 93' lang='lat' dir='ltr'><strong>si</strong></span> <span class='ocrx_word' id='word_1_269' title='bbox 811 2799 876 2873; x_wconf 88' lang='lat' dir='ltr'><strong>quid</strong></span> <span class='ocrx_word' id='word_1_270' title='bbox 891 2799 915 2854; x_wconf 90' lang='lat' dir='ltr'><strong>ci</strong></span> <span class='ocrx_word' id='word_1_271' title='bbox 930 2797 1089 2868; x_wconf 58' lang='lat' dir='ltr'><strong>debebitur,</strong></span> <span class='ocrx_word' id='word_1_272' title='bbox 1100 2807 1129 2853; x_wconf 91' lang='lat' dir='ltr'><strong>et</strong></span> 
     </span>
     <span class='ocr_line' id='line_1_32' title="bbox 157 2881 1128 2981; baseline 0.002 -45"><span class='ocrx_word' id='word_1_273' title='bbox 157 2889 263 2944; x_wconf 82' lang='lat' dir='ltr'><strong>cetmos</strong></span> <span class='ocrx_word' id='word_1_274' title='bbox 278 2881 435 2942; x_wconf 83' lang='lat' dir='ltr'><strong>creditores</strong></span> <span class='ocrx_word' id='word_1_275' title='bbox 447 2899 498 2956; x_wconf 85' lang='lat' dir='ltr'><strong>pro</strong></span> <span class='ocrx_word' id='word_1_276' title='bbox 513 2891 575 2942; x_wconf 83' lang='lat' dir='ltr'><strong>rata·</strong></span> <span class='ocrx_word' id='word_1_277' title='bbox 591 2884 719 2981; x_wconf 79' lang='lat' dir='ltr'><strong>portione</strong></span> <span class='ocrx_word' id='word_1_278' title='bbox 738 2883 924 2952; x_wconf 79' lang='lat' dir='ltr'><strong>distribuatur.</strong></span> <span class='ocrx_word' id='word_1_279' title='bbox 955 2892 983 2939; x_wconf 89' lang='lat' dir='ltr'><strong>et</strong></span> <span class='ocrx_word' id='word_1_280' title='bbox 998 2884 1061 2956; x_wconf 83' lang='lat' dir='ltr'><strong>quio</strong></span> <span class='ocrx_word' id='word_1_281' title='bbox 1076 2883 1128 2957; x_wconf 91' lang='lat' dir='ltr'><strong>ipsi</strong></span> 
     </span>
     <span class='ocr_line' id='line_1_33' title="bbox 157 2963 1129 3042; baseline 0 -20"><span class='ocrx_word' id='word_1_282' title='bbox 157 2965 266 3022; x_wconf 90' lang='lat' dir='ltr'><strong>domino</strong></span> <span class='ocrx_word' id='word_1_283' title='bbox 281 2963 506 3030; x_wconf 84' lang='lat' dir='ltr'><strong>distributionem</strong></span> <span class='ocrx_word' id='word_1_284' title='bbox 513 2969 683 3042; x_wconf 83' lang='lat' dir='ltr'><strong>permittit,</strong></span> <span class='ocrx_word' id='word_1_285' title='bbox 677 2969 701 3024; x_wconf 93' lang='lat' dir='ltr'><strong>si</strong></span> <span class='ocrx_word' id='word_1_286' title='bbox 712 2969 772 3042; x_wconf 88' lang='lat' dir='ltr'><strong>quis</strong></span> <span class='ocrx_word' id='word_1_287' title='bbox 788 2985 822 3025; x_wconf 84' lang='lat' dir='ltr'><strong>ex</strong></span> <span class='ocrx_word' id='word_1_288' title='bbox 836 2965 1016 3026; x_wconf 87' lang='lat' dir='ltr'><strong>creditoribus</strong></span> <span class='ocrx_word' id='word_1_289' title='bbox 1032 2983 1129 3042; x_wconf 89' lang='lat' dir='ltr'><strong>quera·</strong></span> 
     </span>
     <span class='ocr_line' id='line_1_34' title="bbox 108 3051 1128 3127; baseline 0.003 -23.138"><span class='ocrx_word' id='word_1_290' title='bbox 108 3061 216 3122; x_wconf 83' lang='lat' dir='ltr'><strong>tur,</strong></span> <span class='ocrx_word' id='word_1_291' title='bbox 243 3051 320 3124; x_wconf 88' lang='lat' dir='ltr'><strong>quasi</strong></span> <span class='ocrx_word' id='word_1_292' title='bbox 343 3051 431 3106; x_wconf 91' lang='lat' dir='ltr'><strong>minus</strong></span> <span class='ocrx_word' id='word_1_293' title='bbox 454 3053 479 3108; x_wconf 94' lang='lat' dir='ltr'><strong>ei</strong></span> <span class='ocrx_word' id='word_1_294' title='bbox 500 3051 632 3108; x_wconf 88' lang='lat' dir='ltr'><strong>tributum</strong></span> <span class='ocrx_word' id='word_1_295' title='bbox 653 3053 704 3124; x_wconf 88' lang='lat' dir='ltr'><strong>sit,</strong></span> <span class='ocrx_word' id='word_1_296' title='bbox 730 3066 810 3127; x_wconf 81' lang='lat' dir='ltr'><strong>quom</strong></span> <span class='ocrx_word' id='word_1_297' title='bbox 826 3053 995 3126; x_wconf 87' lang='lat' dir='ltr'><strong>oportuerit,</strong></span> <span class='ocrx_word' id='word_1_298' title='bbox 1018 3053 1128 3108; x_wconf 90' lang='lat' dir='ltr'><strong>hancei</strong></span> 
     </span>
    </p>
   </div>
   <div class='ocr_carea' id='block_1_5' title="bbox 31 3131 1130 3250">
    <p class='ocr_par' dir='ltr' id='par_1_11' title="bbox 31 3131 1130 3250">
     <span class='ocr_line' id='line_1_35' title="bbox 31 3131 1130 3250; baseline -0.001 -57"><span class='ocrx_word' id='word_1_299' title='bbox 31 3134 33 3140; x_wconf 80' lang='grc'><em>’</em></span> <span class='ocrx_word' id='word_1_300' title='bbox 121 3137 288 3198; x_wconf 73' lang='lat' dir='ltr'><strong>tectionem</strong></span> <span class='ocrx_word' id='word_1_301' title='bbox 309 3135 509 3207; x_wconf 79' lang='lat' dir='ltr'><strong>accommodat,</strong></span> <span class='ocrx_word' id='word_1_302' title='bbox 531 3153 600 3250; x_wconf 84' lang='lat' dir='ltr'><strong>quae</strong></span> <span class='ocrx_word' id='word_1_303' title='bbox 620 3131 762 3243; x_wconf 81' lang='lat' dir='ltr'><strong>tributoria</strong></span> <span class='ocrx_word' id='word_1_304' title='bbox 781 3135 940 3212; x_wconf 85' lang='lat' dir='ltr'><strong>appellatur.</strong></span> <span class='ocrx_word' id='word_1_305' title='bbox 985 3135 1130 3192; x_wconf 83' lang='lat' dir='ltr'><strong>Praeterea</strong></span> 
     </span>
    </p>
   </div>
   <div class='ocr_carea' id='block_1_6' title="bbox 156 3323 1129 3558">
    <p class='ocr_par' dir='ltr' id='par_1_12' title="bbox 156 3323 1129 3550">
     <span class='ocr_line' id='line_1_36' title="bbox 226 3323 1126 3418; baseline 0.003 -18"><span class='ocrx_word' id='word_1_306' title='bbox 226 3348 244 3410; x_wconf 88' lang='lat'><strong>¹)</strong></span> <span class='ocrx_word' id='word_1_307' title='bbox 263 3343 447 3416; x_wconf 65' lang='grc' dir='ltr'><strong>ἐπιδείξομεν</strong></span> <span class='ocrx_word' id='word_1_308' title='bbox 468 3350 580 3414; x_wconf 79' lang='lat' dir='ltr'><strong>Tbeopd</strong></span> <span class='ocrx_word' id='word_1_309' title='bbox 598 3351 768 3403; x_wconf 83' lang='lat' dir='ltr'><strong>ostendimus</strong></span> <span class='ocrx_word' id='word_1_310' title='bbox 786 3323 872 3408; x_wconf 76' lang='lat' dir='ltr'><strong>codd.</strong></span> <span class='ocrx_word' id='word_1_311' title='bbox 879 3359 929 3407; x_wconf 82' lang='lat' dir='ltr'><strong>set</strong></span> <span class='ocrx_word' id='word_1_312' title='bbox 949 3354 997 3408; x_wconf 73' lang='lat' dir='ltr'><strong>ed·</strong></span> <span class='ocrx_word' id='word_1_313' title='bbox 1010 3351 1061 3404; x_wconf 87' lang='lat' dir='ltr'><strong>Kr.</strong></span> <span class='ocrx_word' id='word_1_314' title='bbox 1103 3349 1126 3418; x_wconf 81' lang='lat'><strong>²)</strong></span> 
     </span>
     <span class='ocr_line' id='line_1_37' title="bbox 156 3414 1129 3485; baseline -0.001 -13"><span class='ocrx_word' id='word_1_315' title='bbox 156 3414 581 3480; x_wconf 75' lang='lat' dir='ltr'><strong>§d·1·2.=eat.r‚tomut.</strong></span> <span class='ocrx_word' id='word_1_316' title='bbox 642 3417 707 3482; x_wconf 85' lang='lat' dir='ltr'><strong>⁸)B</strong></span> <span class='ocrx_word' id='word_1_317' title='bbox 728 3419 843 3485; x_wconf 79' lang='lat' dir='ltr'><strong>Tbecpb.</strong></span> <span class='ocrx_word' id='word_1_318' title='bbox 855 3421 920 3483; x_wconf 76' lang='lat' dir='ltr'><strong>uer</strong></span> <span class='ocrx_word' id='word_1_319' title='bbox 941 3421 1040 3474; x_wconf 75' lang='lat' dir='ltr'><strong>Veros.</strong></span> <span class='ocrx_word' id='word_1_320' title='bbox 1058 3423 1129 3474; x_wconf 72' lang='lat' dir='ltr'><strong>nusi</strong></span> 
     </span>
     <span class='ocr_line' id='line_1_38' title="bbox 162 3477 896 3558; baseline 0.015 -32"><span class='ocrx_word' id='word_1_321' title='bbox 162 3477 222 3558; x_wconf 79' lang='lat' dir='ltr'><strong>WE</strong></span> <span class='ocrx_word' id='word_1_322' title='bbox 240 3487 265 3530; x_wconf 85' lang='lat' dir='ltr'><strong>et</strong></span> <span class='ocrx_word' id='word_1_323' title='bbox 275 3487 398 3550; x_wconf 81' lang='lat' dir='ltr'><strong>plerique</strong></span> <span class='ocrx_word' id='word_1_324' title='bbox 415 3486 492 3550; x_wconf 75' lang='lat' dir='ltr'><strong>infer.</strong></span> <span class='ocrx_word' id='word_1_325' title='bbox 893 3529 896 3544; x_wconf 78' lang='grc'><strong>,,</strong></span> 
     </span>
    </p>
   </div>
   <div class='ocr_carea' id='block_1_7' title="bbox 0 0 1236 3908">
    <p class='ocr_par' dir='ltr' id='par_1_13' title="bbox 0 0 1236 3908">
     <span class='ocr_line' id='line_1_39' title="bbox 0 0 1236 3908; baseline 0 0"><span class='ocrx_word' id='word_1_326' title='bbox 0 0 1236 3908; x_wconf 95' lang='lat' dir='ltr'><strong> </strong></span> 
     </span>
    </p>
   </div>
  </div>
 </body>
</html>
