2484 3916
214 213 256 278 62
420 229 456 264 ns
477 223 864 264 russanenrrs'osmsasma
882 212 918 272 11,
939 215 977 264 10.

214 379 365 445 emptorem
387 378 415 427 ct
436 385 499 439 eos,
527 373 573 445 qui
598 383 648 444 per
672 377 835 444 potestatem
855 371 879 425 ei
900 369 1042 428 cosmati
1064 369 1164 442 iuuant,

212 457 420 512 testamentariis
441 456 604 512 testimoniis
626 454 808 530 repellebant,
829 454 922 511 heredi
937 455 1038 525 ethis,
1058 457 1101 528 qui
1114 471 1165 510 con·

212 541 297 596 iuncti
317 541 342 596 ei
362 555 412 615 per
431 547 595 615 potestatem
617 539 741 611 luerent,
767 537 952 597 concedebant
975 537 1125 596 teetlmonia
1144 541 1165 594 in

213 627 382 684 testamentis
397 631 550 700 praestare,
572 626 636 682 licet
657 625 699 696 bi,
720 627 767 700 qui
787 624 815 681 id
830 623 1036 698 permittebant,
1058 625 1165 680 boeium

128 761 134 770 .
212 711 321 766 minime
343 708 417 766 abuti
437 711 536 767 debere
557 727 605 767 eos
625 709 789 766 suadebant:
811 717 900 765 menen
921 722 988 780 nos,
1009 709 1117 765 eandem
1129 707 1166 764 ob·

108 859 110 868 ,
212 797 392 852 servationem
407 798 577 870 corrigentes
593 801 636 866 et,
658 794 731 869 qnod
746 794 779 850 eb
794 795 848 850 illis
864 805 975 850 suasum
991 802 1049 862 est,
1069 795 1097 850 is
1110 793 1165 868 legis

212 881 401 937 necessitatem
426 880 638 951 transferentes,
669 879 701 936 ad
730 880 908 936 imitationem
932 880 1044 953 pristini
1071 878 1166 934 landliae

212 967 342 1039 emptoris
363 966 459 1020 merito
481 964 656 1035 recharedi,
678 965 724 1038 qui
744 966 888 1039 imaginent
908 965 1086 1020 vetustissimi
1106 962 1165 1017 lani-

212 1050 264 1106 liae
279 1049 409 1122 emptoris
430 1049 553 1123 optinet,
574 1065 625 1105 nec
645 1049 703 1104 aliis
723 1049 863 1123 personis,
885 1063 954 1122 quae
969 1050 1012 1120 el,
1033 1055 1064 1103 ut
1083 1047 1166 1104 dictum

212 1142 264 1205 cst,
281 1133 443 1190 coniunctae
458 1141 539 1206 sunt,
560 1134 697 1190 licentiam
715 1133 889 1190 concedimus
910 1131 962 1190 sibl
984 1131 1165 1206 quodammodo

210 1219 366 1274 testimonia
386 1225 538 1292 praestare:
560 1218 676 1292 ideoque
698 1235 748 1274 nec
763 1217 896 1274 eiusmodi
910 1226 1032 1274 veterem
1053 1217 1167 1274 constitu·

162 1310 192 1358 11
211 1300 313 1358 tionem
334 1310 430 1358 nostro
452 1303 539 1360 codici
557 1304 641 1359 inseri
661 1304 842 1377 permisimus.
876 1301 1027 1376 Legatariis
1049 1307 1166 1358 autemst

212 1384 480 1458 fideicommissariis,
497 1389 559 1462 quia
573 1403 629 1444 non
643 1389 710 1444 iuris
721 1401 894 1444 successores
909 1393 990 1459 sunt,
1008 1393 1036 1442 et
1051 1386 1106 1442 aliis
1118 1401 1166 1459 per·

212 1473 287 1528 sonis
308 1474 347 1528 eis
368 1473 521 1528 coniunctis
546 1474 733 1529 testimonium
758 1487 813 1529 non
839 1471 1024 1546 denegamus,
1049 1473 1124 1526 immo
1146 1470 1166 1522 in

212 1557 326 1630 quadarn
346 1565 441 1614 nostra
461 1551 673 1614 constitutionc¹
696 1565 723 1612 ct
745 1558 798 1613 boc
817 1556 971 1632 specialiter
990 1555 1165 1622 concessimts,

211 1649 239 1696 et
254 1642 341 1698 multo
356 1643 441 1716 magis
457 1643 515 1715 bis,
537 1643 584 1716 qui
604 1644 632 1697 ln
647 1657 742 1697 eorum
762 1648 899 1716 potestate
915 1649 995 1713 snut,
1017 1641 1061 1698 vel
1075 1641 1117 1715 qni
1128 1653 1165 1693 cos

212 1724 310 1802 habent
325 1728 353 1782 iu
367 1733 519 1800 potestate,
535 1725 689 1782 itiusmodi
705 1725 841 1782 licentiam
856 1727 960 1782 damus.

160 1820 192 1868 12
274 1811 346 1867 Nihil
361 1817 450 1866 autem
470 1813 598 1874 interest,
620 1811 812 1866 testamentum
832 1812 860 1867 in
875 1810 973 1867 tabulis
988 1827 1023 1868 an
1043 1813 1071 1867 ln
1084 1811 1166 1867 chartis

160 1907 192 1956 13
211 1895 406 1952 membranisre
421 1895 463 1952 vel
483 1897 511 1950 iu
527 1894 576 1950 alia
590 1895 701 1950 materia
716 1893 771 1950 liat.
807 1888 880 1952 ²Sed
895 1903 924 1952 et
939 1911 1025 1952 unum
1039 1903 1166 1952 testamcu-

210 1988 268 2036 tum
284 1979 408 2054 pluribus
423 1979 559 2036 codicibus
580 1977 714 2036 conticere
735 1981 795 2054 quis
810 1988 919 2055 potest,
939 1981 1089 2038 seomrdum
1110 1979 1165 2053 opti·

210 2073 320 2122 nentem
341 2072 430 2120 tamen
451 2064 667 2121 observationem
688 2065 812 2122 omnibus
833 2065 917 2122 lactis.
955 2067 1031 2140 qttod
1046 2064 1166 2122 interdum

211 2158 238 2206 et
253 2151 437 2206 neccessarium
449 2159 505 2223 est,
521 2151 544 2206 si
560 2151 622 2224 quis
636 2151 811 2225 navigaturus
827 2157 856 2206 et
871 2165 963 2206 secum
978 2151 1052 2208 lenc
1067 2157 1093 2207 et
1107 2148 1165 2205 domi

209 2235 364 2308 relinquere
383 2233 544 2291 iudiciorum
565 2247 678 2290 suorum
698 2237 925 2292 contestationem
943 2234 1026 2308 velit,
1052 2235 1093 2292 rel
1115 2248 1167 2307 pro·

208 2325 272 2390 pter
291 2319 354 2373 alias
375 2319 583 2375 innumerabiles
605 2333 713 2389 causas,
737 2335 805 2394 quae
827 2321 950 2378 humanis
972 2315 1164 2378 necessitatibus

159 2414 192 2462 14
208 2402 359 2456 imminent.
396 2402 449 2457 Sed
470 2405 537 2458 haec
558 2402 667 2474 quidem
686 2403 720 2460 de
735 2406 921 2475 testamentis,
943 2407 1058 2478 quaein
1072 2401 1167 2476 scriptis

209 2481 399 2540 coniiciuntur.
431 2487 454 2541 si
470 2487 530 2559 quis
545 2494 635 2542 autem
650 2488 768 2546 voluerit
783 2491 841 2546 sinc
857 2491 965 2564 seriptis·
982 2490 1105 2546 ordinare
1118 2487 1166 2542 iure

208 2569 278 2626 civili
299 2576 507 2641 testamentum,
528 2578 632 2645 septem
653 2571 769 2629 testibus
790 2573 914 2634 adhibitis
929 2581 956 2630 et
978 2591 1028 2631 sua
1042 2573 1169 2630 voluntate

209 2671 300 2711 coram
320 2656 359 2710 eis
373 2663 545 2730 nuncupata,
566 2657 647 2726 sciat,
668 2657 721 2714 hoc
740 2658 969 2732 perfectissimum
985 2664 1167 2716 testamentum

207 2742 266 2796 iure
283 2739 353 2797 civili
368 2737 530 2814 firmumque
546 2742 734 2799 constitutum.

275 3020 300 3085 1)·
315 3039 380 3088 quoe
398 3037 449 3074 teon
467 3030 541 3074 eccm
558 3026 595 3075 'io
614 3025 686 3076 libris
711 3029 839 3090 reputitoe
861 3029 1047 3092 praelectionis
1071 3024 1163 3077 codicis,

204 3090 320 3153 fortasse
343 3092 447 3152 omues,
472 3094 541 3158 qaod
561 3094 612 3143 iam
631 3092 741 3144 Zenonis
764 3102 845 3146 const.
863 3095 896 3147 L.
917 3097 959 3146 22.
980 3096 1006 3148 θ.
1024 3097 1058 3146 de
1074 3099 1162 3144 testam

207 3157 242 3223 (6,
260 3157 304 3222 23)
334 3161 401 3210 idem
427 3161 584 3222 continebat,
612 3162 710 3211 seilicet
734 3164 799 3226 ipses
825 3163 930 3214 aestues
947 3166 984 3214 od
1000 3166 1167 3214 testamentum

206 3227 334 3288 adhibitis,
354 3230 424 3294 meod
447 3231 518 3288 sctit,
545 3230 690 3294 relinquere
709 3232 829 3281 testatori
853 3233 945 3288 licem
966 3233 1033 3282 eade
1049 3229 1168 3295 mquam,

205 3297 345 3361 lepatara'oa
370 3303 442 3346 reete
459 3303 545 3348 testes
560 3297 687 3350 adlte‘bere'.
705 3313 735 3348 eo
761 3313 823 3349 cero
848 3306 980 3364 spectasse
1006 3301 1081 3349 ete'om
1105 3295 1175 3346 boet,

205 3363 345 3414 Iustiniani
362 3366 573 3427 constitutionem,
595 3364 749 3430 Tbeoplee'laes
766 3373 924 3418 auctorest.
959 3365 1117 3430 ²)==L.·24.
1134 3360 1167 3409 D»

206 3435 249 3495 poe·
267 3439 366 3486 testam.
380 3433 435 3496 soc.
454 3432 505 3498 (28,
526 3430 556 3495 lb
570 3447 607 3482 ecc
624 3431 770 3486 Florentiui
786 3437 803 3484 l.
824 3437 962 3498 notauit,
980 3441 1038 3486 aaut.
