2464 3916
372 237 409 272 on
427 236 599 274 concursus
618 223 666 286 lv,
685 224 709 276 6.
939 201 945 210 ’
970 221 1030 284 171

54 381 174 454 pignore
193 378 393 452 hypothecasve
415 386 626 453 persequuntur.
667 380 739 435 inter
763 379 863 454 pignus
888 386 978 436 autom
1005 389 1032 435 et

56 464 240 538 hypothecam
256 471 385 538 qnantum
398 463 431 518 nd
444 466 576 520 actionem
588 463 806 538 hypothecariam
816 463 888 538 nihil
902 464 1031 520 interest:
1068 489 1070 493 v

55 565 118 604 nam
135 547 169 603 de
185 564 238 620 qua
253 564 282 602 re
297 548 369 603 inter
383 547 545 604 creditorem
561 557 589 604 et
604 547 753 604 debitorem
769 549 936 619 convenerit,
953 555 983 604 nt
997 548 1033 604 sit

55 649 109 706 pro
125 631 219 688 debito
235 630 369 707 obligata,
392 640 507 706 utraque
522 633 572 688 hac
592 632 772 706 appellatione
787 634 952 688 continetur.
983 632 1031 688 sed

54 719 84 771 in
100 717 159 772 eliis
175 715 326 772 differentia
341 725 397 772 est:
418 733 478 772 nem
499 719 622 791 pignoris
643 716 823 790 appellatione
843 731 901 771 enm
921 718 1032 790 proprie

53 801 193 856 contineri
207 800 342 872 dicimus,¹
353 817 421 874 quae
436 801 516 856 simul
532 803 611 856 etiem
627 800 744 856 traditur
758 799 902 872 creditori,
919 802 1032 856 maxime
1097 859 1106 870 ,

56 887 79 940 si
96 884 210 940 mohilis.
226 886 276 940 sit:
297 893 325 940 at
340 901 412 957 cana,
435 901 504 959 quae
524 887 584 942 sine
604 885 748 942 traditione
768 884 839 940 nude
853 886 1032 945 conventione

54 976 184 1041 tenetur,
210 971 324 1043 proprie
343 969 513 1044 hypothecae
538 969 718 1044 appellatione
748 970 880 1026 contineri
908 969 1030 1025 dicimus.

52 1053 86 1109 ln
106 1069 252 1127 personam
273 1069 387 1128 qnoque
404 1056 523 1110 actiones
550 1071 583 1110 ex
603 1071 652 1110 sna
672 1051 861 1111 iurisdictione
879 1054 1032 1127 propositas
1050 1055 1066 1104 8

57 1137 139 1194 hahet
154 1147 281 1211 praetor,
297 1138 382 1194 veluti
396 1138 430 1194 de
444 1141 557 1212 pecunia
573 1142 736 1197 constituto:
758 1139 802 1194 cui
817 1138 910 1194 similis
925 1137 1033 1194 videbe·

56 1231 103 1278 tur
117 1224 274 1296 receptitia;
295 1223 346 1278 sed
364 1239 397 1278 ex
416 1231 511 1279 nostre
531 1215 757 1295 constitutione,1
778 1239 839 1278 cnm
860 1231 902 1294 et,
924 1224 947 1280 si
967 1222 1032 1296 quid

59 1307 168 1379 plenius
182 1305 309 1379 habebat,
331 1308 384 1363 hoc
398 1307 427 1362 in
441 1309 583 1381 pecuniam
598 1309 774 1364 constitutam
797 1307 964 1362 transfusum
979 1315 1032 1378 est,

59 1407 92 1445 ea
112 1393 188 1464 quasi
208 1407 373 1465 supervacua
398 1393 471 1448 insse
497 1399 539 1448 est
561 1409 621 1448 cum
642 1409 690 1448 sna
712 1393 873 1448 auctoritato
894 1408 908 1446 a
930 1393 1031 1448 nostris

55 1473 167 1549 legibus
182 1475 319 1532 recedere.
355 1477 420 1532 item
435 1483 545 1550 praetor
559 1479 704 1550 proposuit
719 1476 753 1532 de
768 1475 875 1549 peculio
891 1491 1032 1532 serrorum

56 1558 233 1632 liliorumque
248 1560 360 1616 leundas
376 1569 405 1616 et
420 1577 453 1616 ex
468 1577 520 1634 qua
535 1563 690 1638 quaeritur,
707 1577 740 1616 an
755 1567 832 1618 actor
846 1561 989 1630 iuraverit,
1005 1567 1033 1615 et

55 1643 123 1699 alies
144 1644 308 1717 complures.
345 1645 379 1700 de
398 1646 512 1718 pecunia
532 1653 622 1700 eutem
647 1646 796 1702 constitute
818 1660 880 1700 oum
908 1643 1032 1700 omnihus

53 1729 161 1802 egitur,
177 1730 340 1802 quicumque
356 1729 398 1784 vel
412 1745 462 1804 pro
478 1745 507 1784 se
528 1730 570 1784 vel
585 1747 635 1803 pro
657 1730 709 1786 alic
725 1729 865 1785 soluturos
886 1745 916 1784 se
931 1729 1033 1784 consti·

54 1814 173 1885 tuerint,
189 1813 263 1868 nulla
279 1813 382 1869 scilicet
396 1813 572 1887 stipulatione
586 1815 756 1888 interposite.
794 1829 854 1870 nam
875 1813 994 1888 alioquin
1010 1815 1033 1868 si

53 1897 201 1970 stipulanti
216 1899 405 1970 promiserint,
427 1899 486 1954 iure
508 1898 578 1954 civili
593 1907 730 1955 tenentur.
768 1891 928 1953 Actionem²
942 1907 1031 1954 autem
1054 1900 1084 1948 10

53 1981 91 2038 de
109 1982 218 2054 peculio
234 1981 294 2038 ideo
310 1981 440 2038 adversus
459 1989 564 2055 petrem
585 1983 757 2039 dominumve
778 1983 943 2055 comparavit
958 1997 1034 2056 prae-

55 2073 114 2138 tor,
131 2067 194 2138 qnia
209 2066 274 2122 licet
288 2083 320 2121 ex
336 2073 478 2122 contractu
493 2064 610 2121 liliorum
625 2081 799 2122 servorumve
819 2067 879 2138 ipso
898 2067 958 2120 iure
978 2081 1034 2120 non

54 2158 217 2222 teneantur,
232 2166 349 2223 aequum
363 2159 452 2206 tamen
467 2157 551 2221 esset,
566 2151 673 2223 peculio
687 2159 784 2220 tenus,
801 2148 875 2222 qnod
890 2149 973 2204 veluti
988 2165 1034 2222 pa·

55 2235 218 2290 trimonium
234 2242 277 2290 est
291 2233 407 2290 liliosum
424 2233 603 2306 filiarumque,
618 2236 683 2290 item
695 2249 845 2304 servorum,
861 2233 1033 2288 condemnari

53 2336 117 2376 eos.
147 2318 221 2374 ldem
236 2320 259 2374 si
280 2321 340 2392 quis
355 2319 512 2393 postulante
532 2318 684 2374 edversario
705 2318 848 2388 inseverit,
871 2317 962 2374 deberi
983 2317 1034 2374 sibi
1053 2317 1084 2365 11

56 2405 217 2478 pecuniam,
234 2419 313 2477 quem
328 2411 449 2478 peteret,
468 2419 560 2476 neque
576 2405 600 2458 ei
616 2403 752 2474 solvatur,
767 2403 915 2458 iustissime
930 2417 1035 2459 accom-

58 2488 154 2543 modat
169 2489 194 2543 ei
208 2487 290 2544 talem
306 2490 456 2560 actionem,
471 2504 521 2561 per
536 2503 615 2561 quam
631 2504 686 2544 non
701 2487 770 2544 illnd
784 2488 938 2562 quaeritur,
960 2503 993 2542 an
1009 2489 1034 2542 ei

57 2573 177 2647 pecnnia
190 2571 336 2645 debentur,
357 2572 406 2628 sed
420 2589 454 2628 an
468 2574 605 2628 iuraverit.
642 2571 773 2628 Poenales
789 2587 900 2646 quoque
914 2573 1034 2628 actiones
1054 2569 1085 2618 12

57 2651 193 2730 praetor³
208 2657 276 2714 bene
292 2657 389 2712 multes
401 2673 434 2712 ex
446 2673 494 2713 sun
509 2657 695 2712 iurisdictione
709 2657 873 2712 introduxit:
889 2657 974 2711 veluti
989 2655 1034 2710 ad-

58 2759 157 2797 versus
173 2758 252 2813 enm,
269 2741 396 2814 quiquid
412 2758 444 2797 ex
459 2739 520 2796 alho
536 2742 594 2796 eins
609 2742 791 2814 corrupisset:
813 2749 841 2796 et
856 2741 884 2795 in
899 2755 971 2809 eum,
989 2740 1035 2813 qui

59 2834 208 2900 patronum
219 2825 262 2881 vel
272 2834 411 2899 parentem
426 2827 454 2880 in
469 2827 511 2882 ius
522 2832 656 2895 vocasset,
667 2841 729 2880 cum
743 2825 770 2880 id
782 2838 836 2880 non
848 2825 1034 2897 impetrasset:
1071 2823 1074 2830 ⁴

60 2913 126 2966 item
142 2910 272 2966 adversus
288 2925 366 2981 enm,
384 2911 430 2982 qui
445 2911 471 2964 vi
485 2910 614 2965 exemerit
629 2924 706 2980 eum,
723 2910 768 2982 qni
783 2911 810 2964 in
824 2911 867 2964 ins
884 2915 1035 2979 vocaretur,
1107 2955 1108 2958 ,

58 2997 173 3051 cuiusve
188 2994 254 3050 dolo
269 2995 336 3050 alins
352 2994 495 3048 exemerit:
516 3000 544 3048 et
564 2992 626 3047 alies
647 2993 865 3049 innumerabiles.
901 2992 1036 3048 Praeiudi-
1058 3007 1088 3054 13

57 3081 143 3136 eieles
158 3080 280 3136 actiones
305 3080 334 3134 in
359 3094 417 3133 rem
432 3093 492 3134 esse
512 3076 653 3146 videntur,
677 3077 769 3150 quales
790 3084 872 3148 sunt,
898 3093 948 3150 per
970 3093 1035 3150 quas

58 3166 214 3237 quaeritur,
230 3179 263 3218 au
276 3163 373 3236 aliquis
388 3161 456 3217 liber
466 3161 509 3217 vel
520 3177 554 3216 an
569 3159 682 3216 libertus
694 3163 740 3235 sit,
755 3162 797 3217 vel
812 3161 846 3216 de
857 3169 937 3234 partu
953 3177 1037 3234 cgno-

130 3377 151 3446 ¹)
172 3379 206 3430 L.
226 3380 251 3428 2.
272 3377 299 3428 C.
318 3378 351 3426 de
368 3383 450 3426 coast.
468 3391 525 3440 pec.
544 3375 578 3438 (4,
598 3373 650 3440 18).
736 3374 757 3437 ²)
780 3370 892 3438 Theoph.
912 3374 1038 3424 actiones

59 3449 136 3500 codd.
155 3447 217 3498 edd.
306 3443 327 3508 ³)
344 3449 455 3509 praetor
473 3440 577 3492 PEWb
599 3443 711 3508 Theoplt.
738 3459 785 3493 om,
809 3443 855 3493 W*
882 3443 941 3494 edd.
960 3439 1036 3491 Schr.
1121 3461 1126 3474 ·

60 3522 87 3564 et
104 3515 156 3568 Kr.
195 3561 220 3572 „‚
