2464 3916
259 221 296 256 os
314 221 447 257 cononum
466 219 701 258 rosssssrorucus
719 205 771 270 ΙΙΙ,
790 209 806 257 9
825 203 887 272 (10).
1010 205 1068 268 121

95 368 209 434 praetor
224 377 257 417 ex
271 361 344 418 bono
360 369 387 418 et
403 377 489 435 aequo
505 361 632 421 dilatavit.
671 361 741 420 Sunt
755 370 844 418 autem
860 361 992 418 bonorum
1007 380 1069 436 pos·
1088 373 1103 422 3

95 447 234 502 sessiones
250 463 282 502 ex
298 453 460 502 testamento
483 446 591 520 quidem
608 447 666 502 hae.
705 449 805 521 prima,
828 463 895 520 quae
915 449 1068 521 praeteritis

95 529 187 586 liberis
204 529 283 586 datur
297 538 462 603 vocaturque
477 540 572 588 contra
589 531 701 588 tabulas.
739 531 872 602 secunda,
888 547 967 604 quam
984 533 1069 588 omni·

94 613 146 670 bus
161 616 221 670 iure
236 617 345 688 scriptis
361 614 506 671 heredibus
527 624 638 689 praetor
658 615 805 688 pollicetur
824 615 942 689 ideoque
958 624 1069 672 vocatur

95 698 247 754 secundum
261 699 381 764 tabulas.
421 707 448 755 et
468 716 530 755 cum
545 699 585 756 vde
606 701 775 756 testamentis
795 701 869 772 prius
891 699 1000 756 locutus
1016 709 1068 771 est,

95 782 129 838 ad
145 785 289 840 intestatos
306 785 450 840 transitum
472 783 546 842 iecit.
585 793 613 840 et
632 785 718 858 primo
735 784 795 840 loco
811 785 867 840 suis
884 784 1027 840 heredibus
1043 793 1070 840 et

72 905 75 908 -
95 867 157 938 his,
175 868 221 940 qui
238 885 270 924 err
286 868 374 924 edicto
390 870 522 942 praetoris
538 869 595 924 suis
611 877 854 940 connumerantur,
875 868 920 923 dat
935 867 1078 927 bonorum¹

93 953 314 1025 possessionem,
341 969 409 1026 quac
435 962 546 1009 vocatur
571 953 642 1009 unde
668 952 754 1010 liberi.
799 953 918 1009 seeundo
939 951 1069 1026 legitimis

93 1034 256 1092 heredibus:
284 1038 366 1093 tertio
383 1037 476 1092 decem
490 1039 631 1112 personis,
654 1055 720 1111 quas
737 1044 865 1094 extraneo
881 1038 1069 1092 manumissori

93 1119 265 1193 praeferebat
286 1120 361 1193 (sunt
381 1129 471 1177 autern
493 1122 586 1180 decem
606 1139 739 1196 personae
760 1123 823 1178 hac:
854 1129 946 1194 pater,
974 1127 1068 1192 mater,

94 1221 171 1275 arvus,
188 1206 254 1276 arria,
271 1214 325 1261 tam
341 1207 446 1279 paterni
461 1223 541 1280 quarn
557 1209 686 1278 materni,
701 1209 766 1264 item
782 1205 869 1278 iilius,
886 1205 954 1276 filia,
971 1221 1067 1279 nepos,
1153 1272 1158 1280 ¹

69 1282 71 1286 ’
95 1290 202 1361 neptis,
230 1295 282 1345 tnrn
299 1307 332 1346 en
347 1288 403 1346 iilic
421 1307 499 1363 quam
515 1307 548 1346 en
564 1289 633 1362 filia,
659 1291 758 1362 irater,
774 1307 869 1362 soror,
884 1293 939 1346 sive
955 1307 1068 1346 consan-

96 1373 189 1445 guinei
204 1374 259 1430 sive
276 1373 399 1447 uterini):
416 1382 512 1448 quarto
524 1377 648 1448 cognatis
660 1376 803 1448 proximis:
820 1377 915 1450 quinto
928 1368 1067 1448 tanquam¹

94 1473 128 1512 en
145 1456 258 1514 familia:
289 1467 366 1516 sexto
383 1467 498 1532 patrono
515 1467 541 1515 et
557 1468 687 1532 patronae
702 1458 849 1532 liberisque
869 1475 963 1516 eorum
980 1467 1007 1514 ct
1022 1476 1068 1531 pa-

92 1535 254 1596 rensibus:2
284 1545 399 1616 septimo
415 1545 473 1598 viro
495 1552 522 1599 ct
538 1545 629 1598 errori:
660 1552 755 1598 octavo
777 1545 901 1617 cognatis
924 1543 1068 1598 manumis-

93 1627 175 1680 soris.
219 1625 272 1682 Sed
299 1643 343 1682 eas
366 1627 475 1701 quidem
497 1629 634 1702 praetoria
658 1627 763 1683 induxit
790 1628 948 1684 iurisdictio.
988 1625 1100 1686 nobist

91 1719 185 1768 tamen
200 1711 267 1766 nihil
282 1713 447 1768 incuriosum
463 1713 681 1785 praetermissum
704 1719 760 1782 est,
781 1712 828 1767 sed
850 1713 952 1768 nostris
967 1711 1067 1766 consti-

93 1793 247 1850 rationibus
263 1797 351 1851 omnia
366 1797 550 1870 corrigenteS,
573 1805 665 1852 contra
688 1795 789 1852 tabulas
805 1796 913 1870 quidem
930 1805 957 1853 et
972 1811 1067 1852 secun·

91 1878 159 1934 dum
178 1878 280 1934 tabulas
296 1879 429 1936 bonorum
452 1882 639 1954 possessiones
661 1880 815 1936 admisimus
832 1889 928 1954 utpote
943 1897 1067 1937 neccssa-

90 1965 147 2019 rias
174 1965 353 2037 constitutaS,
383 1982 434 2020 neo
458 1981 515 2020 uon
541 1965 573 2020 ab
598 1967 728 2020 intestato
756 1965 828 2021 unde
854 1965 931 2020 liberi
953 1975 980 2022 et
995 1965 1066 2022 unde

89 2045 211 2120 legitimi
227 2047 360 2105 honorum
376 2050 573 2123 possessiones.
598 2047 670 2116 Quae
685 2057 775 2105 autern
789 2051 817 2104 in
830 2051 961 2122 praetoris
977 2048 1066 2105 edicto
1084 2061 1100 2110 5

91 2133 192 2206 quinto
208 2131 269 2188 icco
285 2135 374 2207 posita
389 2134 487 2205 iuerat,
502 2133 530 2188 id
546 2141 588 2189 est
603 2132 674 2188 unde
686 2132 777 2188 decem
793 2149 937 2206 personae,
953 2150 1012 2188 earn
1021 2135 1065 2206 pio

89 2218 237 2290 proposito
260 2225 287 2272 et
307 2217 500 2292 compendioso
526 2233 650 2274 sermone
670 2233 862 2290 supervacuam
884 2217 1066 2274 ostendimus:

91 2317 157 2356 curn
173 2303 242 2356 enirn
258 2301 377 2375 praefata
392 2301 526 2358 bonorum
541 2303 678 2376 possessio
699 2300 791 2357 decem
806 2318 937 2374 personas
952 2317 1066 2376 praepo·
1115 2347 1117 2352 .

90 2384 176 2441 nebat
196 2394 324 2444 extraneo
352 2388 556 2462 manumissori,
586 2393 679 2442 nostra
700 2379 898 2458 constitutio,3
929 2403 1008 2460 quam
1033 2385 1066 2442 de

92 2471 307 2543 emancipatione
323 2471 471 2528 liberorum
487 2471 615 2542 fecimus,
639 2469 763 2526 omnibus
778 2471 936 2546 parentibus
952 2471 1065 2528 eisdem·

91 2571 150 2628 que
171 2555 410 2612 manumissoribus
436 2564 573 2612 contracta
598 2554 695 2612 fiducia
721 2557 956 2613 manumissionem
978 2557 1066 2614 iacere

90 2638 184 2710 dedit,
202 2629 231 2694 ut
245 2641 303 2714 ipsa
318 2642 491 2697 manumissio
507 2658 600 2698 eorum
622 2641 675 2697 hoc
695 2641 723 2695 in
739 2657 767 2695 se
783 2639 879 2696 habeat
893 2641 1065 2715 privilegium

89 2732 119 2780 et
137 2739 303 2796 supervacua
318 2723 364 2780 tiat
378 2725 515 2798 praedicta
529 2725 663 2782 bonorum
684 2726 831 2800 possessio.
861 2724 965 2779 sublata
980 2725 1066 2798 igitur

87 2806 215 2883 praefata
236 2810 329 2882 quinta
349 2809 484 2866 bonorum
506 2811 695 2884 possessione,
716 2811 744 2866 in
760 2807 874 2884 gradum
890 2809 947 2864 eius
962 2815 1076 2877 sestam·

88 2901 173 2948 antea
195 2891 328 2950 bonorum
350 2895 550 2969 possessionem
571 2895 726 2950 reduximus
749 2903 776 2952 et
799 2895 919 2966 quintam
940 2894 1064 2964 fecimus,

165 3091 184 3154 ¹)
203 3097 260 3143 tum
279 3107 361 3156 quom
380 3101 420 3144 ter
440 3091 552 3173 Theoph.
572 3093 647 3143 codd
667 3087 712 3210 ί(εἰ
731 3093 772 3142 ed.
790 3091 852 3154 Kr.)
878 3095 926 3144 sed
950 3093 1064 3144 seeundo

89 3163 151 3212 loco
184 3162 210 3210 in
242 3162 358 3211 versione
398 3161 499 3211 Graeca
527 3152 633 3211 ὡσανεὶ
682 3176 698 3210 κ
732 3159 882 3225 φαμιΙίας.
911 3166 977 3210 tune
1011 3175 1065 3223 qua

89 3229 117 3277 B
139 3243 193 3292 qua
214 3227 238 3276 T
252 3229 292 3278 iu'c
309 3229 377 3290 et§.
396 3230 420 3283 6
443 3229 582 3290 inferiores
608 3229 684 3278 codd.
710 3229 844 3278 admodum
868 3229 932 3278 hoec
953 3228 1063 3276 variant.

89 3295 171 3360 ²)sic
197 3296 273 3346 etiam
293 3296 415 3360 Theoph,
443 3312 493 3346 non
521 3297 663 3354 intellecta,
690 3303 718 3344 ut
744 3303 857 3360 apparet
883 3295 959 3354 exss.
979 3296 1064 3357 tifin.

90 3365 143 3414 hac
160 3364 217 3418 bon.
235 3367 412 3429 possessione,
436 3367 469 3415 de
487 3381 537 3430 qua
559 3365 608 3414 oid
630 3363 687 3428 Utp
707 3364 747 3423 28
768 3365 791 3414 7
829 3363 919 3414 Cottae.
939 3363 979 3421 16,
998 3364 1021 3417 9,
1042 3364 1064 3410 1.

89 3433 176 3496 ibique
203 3439 292 3482 notato
317 3434 344 3482 in
368 3434 474 3496 iurispr.
502 3433 619 3483 anteirsst.
646 3447 673 3495 p.
692 3431 751 3484 618.
837 3428 857 3492 ³)
882 3431 914 3482 L.
934 3431 958 3479 6.
980 3429 1006 3482 0.
1033 3430 1064 3478 de

91 3502 219 3565 emancip.
239 3499 272 3564 (8,
293 3501 325 3551 58
343 3503 375 3550 ot.
396 3497 448 3564 59).
