2484 3916
198 215 242 278 34
304 232 341 266 ou
361 229 512 294 suaregrrs
532 224 693 264 ruronrnus
712 229 746 264 sn
766 227 961 264 cunaromaus
980 215 1003 276 I,
1021 216 1062 267 26.

199 389 272 428 nunc
287 372 441 443 videamus,
463 372 509 444 qui
518 372 644 445 suspecti
665 368 723 426 fieri
742 379 869 444 possunt.
898 369 931 426 Et
947 370 1054 444 quidem
1071 387 1167 426 omnes

199 465 305 513 tutores
319 465 455 530 possunt,
470 457 526 511 sive
541 456 736 511 testamentarii
755 457 810 511 sint
830 448 905 510 sive¹
924 455 1035 512 alterius
1057 458 1166 529 generis

198 551 314 598 tutores.
343 557 426 615 quare
442 548 470 596 et
484 541 507 594 si
522 539 659 613 legitimus
675 540 711 594 sit
723 547 808 610 tutor,
824 541 942 596 accusari
956 541 1069 613 poterit.
1100 539 1167 613 quid

199 629 222 682 si
238 626 389 700 patronus?
419 625 506 680 adhuc
520 623 591 680 idem
607 625 659 679 erit
674 623 831 680 dicendum:
852 624 998 680 dummodo
1013 626 1168 680 memineri-

199 727 274 781 mus,
295 711 379 766 iamae
400 711 507 783 patroni
528 707 706 782 parcendum,
732 708 796 764 iicet
822 717 852 764 ut
872 717 1016 782 suspectus
1043 715 1167 764 remotus

165 804 186 852 3·
199 796 291 851 inerit.
325 793 501 867 Consequens
523 801 576 864 est,
598 801 628 848 ut
648 791 800 864 videamus,
828 794 875 866 qui
894 794 1001 867 possint
1021 801 1172 866 suspectos

198 879 347 954 postulare.
385 887 413 933 et
433 877 573 933 sciendum
594 885 652 948 est,
673 879 751 950 quasi
770 876 905 950 publicam
925 894 985 937 esse
1000 877 1068 932 hane
1083 879 1167 932 actio·

198 981 270 1035 nem,
287 964 339 1020 hoc
353 971 396 1018 est
410 960 534 1017 omuibus
549 969 651 1034 patere.
688 962 753 1034 quin
773 963 855 1017 immo
876 969 904 1017 et
924 961 1051 1017 mulieres
1072 961 1168 1016 admit·

199 1057 294 1105 tuntur
310 1063 343 1102 er
358 1047 490 1120 rescripto
506 1037 630 1101 divorum
646 1045 738 1100 Severi
752 1053 782 1101 et
797 1046 936 1117 Antonini,
951 1046 999 1103 sed
1015 1047 1065 1101 hae
1080 1046 1166 1115 solae,

199 1148 266 1206 quae
282 1133 388 1204 pietatis
403 1129 603 1186 necessitudine
624 1129 720 1185 ductae
740 1129 774 1184 ad
796 1131 847 1186 hoc
861 1130 1028 1204 procedunt,
1050 1138 1081 1185 ut
1100 1139 1168 1203 puta

199 1225 297 1272 mater:
313 1216 404 1270 nutrix
420 1231 530 1288 quoqne
545 1222 573 1270 et
588 1215 645 1268 avia
660 1223 791 1288 possunt,
807 1223 900 1287 potest
914 1223 942 1270 et
957 1231 1051 1271 soror:
1073 1214 1123 1270 sed
1139 1223 1167 1270 et

199 1303 222 1356 si
238 1316 290 1375 qua
305 1299 402 1355 mulier
417 1298 510 1370 suerit,
522 1300 599 1356 cuius
611 1307 721 1372 praetor
730 1315 892 1372 propensam
908 1301 935 1354 in
946 1301 1076 1374 pietatem
1091 1315 1167 1354 meu·

200 1377 273 1442 tem²
293 1382 459 1440 intellexerit
483 1401 539 1439 non
563 1399 645 1438 serus
666 1383 853 1438 verecundiam
879 1377 1095 1458 egredientem,³
1118 1383 1167 1439 sed

198 1471 299 1544 pietate
313 1467 473 1543 productam
488 1485 544 1524 non
559 1469 699 1524 continere
713 1468 836 1523 iniuriam
851 1468 1028 1542 pupillorum,
1048 1468 1169 1524 admittit

164 1568 181 1615 4
199 1571 257 1611 eam
278 1553 310 1609 ad
331 1555 539 1610 accusationem.
574 1551 730 1626 impuberes
751 1569 806 1607 non
832 1561 949 1626 possunt
972 1561 1079 1609 tutores
1100 1570 1168 1608 suos

199 1646 342 1711 suspectos
357 1637 509 1710 postulare:
525 1635 643 1710 puberes
658 1643 747 1692 autem
765 1645 904 1692 curatores
920 1653 985 1693 suos
1003 1655 1036 1693 ex
1050 1637 1169 1693 consilio

198 1722 411 1777 necessariorum
426 1729 568 1794 suspectos
583 1728 699 1793 possunt
719 1737 848 1794 arguere:
869 1730 897 1777 ct
919 1723 956 1777 ita
976 1721 1029 1778 divi
1049 1721 1169 1778 Severus
1234 1753 1235 1776 ι

165 1821 181 1868 5
199 1814 227 1861 et
241 1805 394 1860 Antoninus
409 1805 616 1876 rescripserunt.
648 1803 796 1878 Suspectus
812 1814 854 1861 est
869 1816 969 1878 autem,
985 1815 1013 1862 et
1029 1801 1095 1880 qui⁴
1110 1823 1169 1862 uon

200 1907 230 1944 ex
247 1887 300 1945 fide
317 1888 428 1944 tutelam
444 1890 532 1962 gerit,
547 1889 611 1945 licet
625 1889 756 1945 solvendo
772 1898 830 1962 est,
847 1884 897 1946 ιιῑ5
915 1891 1033 1947 lulianus
1055 1907 1170 1965 quoque

199 1975 317 2048 scripsit.
348 1973 396 2030 sed
411 1984 439 2030 et
454 1981 596 2048 antequam
611 1975 720 2048 incipiat
735 1991 832 2048 gerere
847 1976 959 2032 tutelam
976 1983 1067 2047 tutor,
1083 1992 1170 2050 posse

198 2076 260 2115 eum
277 2061 353 2132 quasi
373 2067 529 2133 suspectum
550 2061 698 2130 removeri,
719 2059 790 2115 idem
811 2059 928 2115 lulianus
951 2062 1060 2134 scripsit
1080 2069 1109 2116 et
1124 2077 1171 2116 se-

164 2144 316 2206 ecundum
337 2161 399 2200 eum
420 2146 599 2200 constitutum
621 2153 672 2200 est.
709 2143 857 2216 Suspectus
879 2154 967 2200 autem
989 2153 1127 2216 remotus,
1142 2147 1169 2200 si

165 2244 179 2291 7
198 2228 307 2302 quidem
324 2228 358 2284 ob
373 2227 477 2299 dolum,
492 2229 612 2284 famosus
628 2236 683 2283 est:
703 2228 726 2282 si
742 2227 776 2284 ol)
791 2228 912 2302 cuipam,
935 2247 990 2286 non
1011 2245 1107 2303 aeque.
1138 2229 1169 2284 Si

198 2313 259 2385 quis
275 2319 364 2366 autem
379 2321 524 2386 suspectus
538 2312 704 2385 postulatur,
713 2313 801 2386 quoad
813 2316 934 2386 cognitio
947 2313 1070 2386 finiatur,·
1081 2316 1170 2370 inter·
1232 2345 1233 2354 ι

164 2395 298 2460 sdicitur
319 2397 343 2451 ei
364 2395 576 2467 administratio,
598 2403 628 2450 ut
648 2396 792 2470 Papiniano
813 2399 901 2454 visum
922 2408 972 2455 est.
1010 2399 1064 2454 Sed
1079 2401 1104 2454 si
1120 2416 1169 2453 su·

113 2530 115 2534 .
198 2481 285 2554 specti
299 2480 421 2552 cognitio
437 2487 562 2554 suscepta
578 2479 660 2536 inerit
674 2490 823 2555 posteaque
840 2490 915 2539 tutor
935 2483 978 2540 vel
992 2492 1104 2539 curator
1120 2483 1172 2539 de*

164 2581 180 2629 9
199 2565 326 2636 cesserit,
342 2565 513 2639 extinguitur
527 2565 648 2638 cognitio
663 2567 792 2640 suspecti.
831 2565 859 2622 Si
881 2570 940 2642 quis
961 2576 1038 2624 tutor
1059 2569 1170 2642 copiam

268 2822 342 2893 1)Ε,
365 2831 476 2895 Ε’,Ιιεορὶι
495 2832 641 2894 smenon,
660 2830 851 2883 sedBWed.
870 2833 921 2884 Kr.
1008 2832 1029 2896 ²)
1047 2849 1098 2899 per
1121 2849 1172 2884 en-

197 2916 257 2952 sem
274 2900 408 2965 pietatem
425 2900 500 2952 codd
520 2915 574 2949 cam
574 2900 650 2980 Dip.
670 2901 710 2954 ed
729 2899 780 2948 Kr.
789 2915 1009 2982 propeusemp.
1027 2903 1069 2952 ed.
1111 2903 1172 2952 clar.
1230 2941 1231 2966 .

197 2969 304 3045 correpti
321 2983 356 3018 ere
377 2966 504 3032 ΤΙιεορΙι..·
521 2953 583 3031 ried
602 2965 730 3032 πραίτωρ
747 2959 802 3048 ὁρᾷ
819 2964 872 3033 τὴν
885 2961 1002 3035 γνώμην
1015 2962 1171 3034 ῥέπουσαν

199 3032 239 3094 εἰς
252 3049 284 3086 το
275 3027 427 3101 ευσιβειν
437 3037 535 3085 scilieet
549 3037 629 3100 periit
646 3036 675 3084 in
693 3035 724 3086 ab
735 3037 840 3086 uicinum
852 3051 1026 3102 propensam,
1045 3041 1174 3087 mentem

198 3104 229 3154 od
246 3105 350 3153 uicinam
369 3103 502 3168 pietatem
519 3107 560 3154 uet
576 3105 651 3170 quasi
666 3105 784 3154 iteratam
801 3101 958 3168 (pietate)m
977 3104 1099 3154 intelle-

197 3170 407 3236 ³)egredieutia
425 3173 500 3222 codd.
519 3187 573 3222 eum
590 3173 649 3236 Dip.
669 3171 740 3230 edd,
761 3171 866 3236 factum,
876 3179 1013 3251 postquam
1031 3187 1044 3220 s
1063 3189 1100 3222 ea:
1119 3172 1174 3222 sed

197 3239 362 3296 adhaeserat,
381 3254 449 3290 erce
471 3239 623 3297 redientes·
640 3241 748 3290 correxi
759 3255 794 3289 erc
815 3239 943 3304 Theoplr:
961 3254 996 3290 ou
1008 3255 1068 3304 μην
1082 3233 1173 3289 εἶναι·

197 3303 384 3386 σχιιντοῦσαν,
399 3255 513 3359 addi
481 3299 534 3387 τήν
546 3305 596 3374 τῆς
609 3299 723 3374 φύσεως
737 3298 873 3370 ἐξιοῦσαν
885 3297 969 3360 oldai
1023 3305 1093 3372 iJet
1107 3305 1170 3372 qui]

198 3375 245 3439 qni
262 3375 338 3425 codd.
357 3377 416 3427 edd.
441 3365 528 3427 καὶ“
512 3392 544 3436 ος
569 3376 772 3441 Tacapitanae
795 3377 836 3431 et,
861 3376 930 3440 quod
951 3377 1069 3440 sequenti
1091 3391 1174 3426 uersa

197 3449 256 3492 ante
243 3441 399 3494 Iulianus
417 3445 537 3504 adtendat,
555 3446 602 3495 daec
619 3444 787 3494 reuocandam
805 3450 872 3491 erut.
950 3441 970 3504 5)
988 3447 1020 3492 ut
1039 3447 1068 3492 et
1089 3444 1174 3494 codd.

197 3512 238 3561 ed.
259 3510 309 3562 Kr.
327 3518 359 3562 nt
376 3516 416 3564 ed.
436 3513 509 3565 Scir.
