2484 3916
206 214 311 259 uorans
330 215 417 252 nonrs
437 216 619 254 rnsrturura
638 217 839 256 narrentanos
855 205 891 268 ΙΙ,
913 208 953 258 17.
1019 205 1060 270 75

85 358 131 414 vel
148 357 275 414 heredum
295 359 482 415 institutorum
498 359 540 414 vel
556 359 795 432 exheredatorum,
817 361 910 418 eadem
929 364 1009 418 etiam
1024 363 1057 419 de

85 443 222 518 postumis
236 442 429 516 intellegimus.
466 443 568 499 Liberis
584 451 674 500 autern
690 446 746 500 suis
761 452 955 503 testamentum
970 447 1059 503 iacere
1077 460 1093 510 5

85 543 167 584 nemo
190 533 298 600 potest,
325 527 377 582 nisi
393 535 421 583 et
441 527 491 584 sibi
513 527 605 584 iaciat:
632 544 693 584 nam
714 529 846 603 pupillare
866 538 1058 588 testamentum

83 629 149 686 pars
165 619 193 666 et
207 611 318 686 sequela
328 617 371 667 est
385 613 491 685 paterni
506 613 676 684 testamenti,
692 612 759 669 adeo
774 621 821 684 ut,
836 616 860 669 si
875 616 960 687 patris
976 623 1059 671 testa·

84 703 208 752 mentum
228 713 283 752 non
303 695 405 766 valeat,
433 713 467 752 ne
493 695 540 752 fini
567 696 677 771 quidem
699 696 807 753 valebit.
851 691 916 754 1Vel
941 700 1092 774 singulisc

85 787 177 836 autem
203 779 294 836 liberis
314 780 357 836 vel
384 782 430 854 qui
457 797 552 837 eorum
577 782 740 837 novissimus
767 780 889 855 impubes
914 786 1057 855 morietur,

83 863 216 920 substitui
231 871 332 938 potest.
360 865 476 939 singulis
492 865 617 939 quidem,
634 868 657 921 si
671 867 806 922 neminem
819 881 914 922 eorum
929 869 1057 924 intestato

82 948 217 1004 decedere
236 949 336 1005 voluit:
363 950 527 1022 novissimo,
553 951 575 1004 si
600 951 642 1006 ins
663 949 845 1024 legitimarum
867 951 1057 1008 hereditatium

81 1035 223 1108 integrum
238 1033 309 1088 inter
329 1049 378 1088 eos
398 1033 530 1090 custodiri
550 1033 625 1090 velit.
661 1033 841 1092 Substituitur
861 1042 951 1092 autem
970 1037 1091 1109 impu-t

81 1116 140 1172 beri
156 1125 204 1172 aut
218 1119 391 1189 nominatim,
412 1119 497 1174 veluti
516 1133 639 1190 armus,
660 1126 707 1174 aut
722 1119 886 1193 generaliter
907 1130 1056 1184 cursoris

81 1217 153 1259 nrm
175 1215 278 1258 manns
299 1217 388 1259 narn:
411 1202 508 1276 quibus
529 1201 616 1259 verbis
639 1211 770 1260 vocantur
796 1203 1056 1275 ex'substitutione‚

80 1285 225 1359 impubere
240 1284 296 1342 filio
307 1293 429 1358 mortuo,
443 1289 489 1360 qui
501 1294 529 1343 et
541 1289 634 1362 scripti
650 1296 715 1344 sunt
725 1287 840 1344 heredes
856 1295 884 1344 et
895 1290 1055 1360 extiterunt,

82 1377 111 1425 et
125 1387 178 1444 pro
194 1387 246 1444 qna
260 1378 337 1444 parte
352 1371 466 1428 heredes
487 1371 552 1427 iacti
572 1379 645 1428 sunt.
676 1371 795 1428 Mascula
815 1373 902 1446 igitur
921 1373 1056 1446 usquead
1074 1380 1091 1428 8

83 1455 302 1526 quattuordecim
323 1471 406 1510 annos
428 1455 557 1512 substitui
577 1464 686 1529 potest⁷
708 1455 823 1511 feminae
838 1473 926 1530 usque
941 1457 973 1512 ad
989 1457 1057 1512 duo·

82 1537 171 1594 decim
187 1555 286 1596 annos:
303 1547 330 1595 et
345 1541 368 1594 si
379 1541 433 1596 boc
447 1547 555 1614 tempus
568 1541 725 1610 excesserit,
741 1539 899 1596 substitutio
910 1543 1054 1596 evanescit.

82 1615 237 1679 ²Extraneo
253 1640 317 1680 vero
332 1623 375 1679 vel
391 1623 447 1680 filio
462 1623 559 1698 puberi
574 1624 669 1680 heredi
682 1625 810 1680 instituto
831 1625 869 1680 ita
889 1624 1055 1682 substituere
1073 1631 1089 1679 9

81 1723 162 1764 nemo
180 1715 288 1782 potest,
303 1716 350 1779 ut,
365 1710 388 1764 si
404 1709 483 1765 heres
499 1710 619 1766 extiterit
634 1716 661 1764 et
676 1709 747 1766 intra
761 1709 872 1782 aliquod
887 1717 994 1784 tempus
1009 1709 1055 1764 de·

81 1793 212 1863 cesserit,
228 1793 295 1848 alius
308 1794 336 1848 ei
350 1793 386 1848 sit
401 1793 495 1849 heres:
517 1793 565 1850 sed
586 1789 639 1849 hoc
658 1793 748 1852 solum
768 1795 928 1866 permissum
945 1797 1002 1865 est,
1025 1803 1056 1848 ut

82 1892 141 1932 eum
156 1893 211 1950 per
224 1875 460 1934 fideicommissum
475 1885 592 1934 testator
608 1877 727 1952 obliget,
744 1878 788 1933 alii
803 1878 981 1934 hereditatem
996 1879 1055 1934 eius

81 1961 121 2016 vel
135 1968 227 2017 totam
236 1961 284 2016 ‘vel
295 1979 344 2035 pro
357 1969 433 2035 parte
448 1963 609 2018 restituere:
625 1963 699 2036 quod
714 1964 756 2018 ins
769 1961 848 2034 quale
863 1964 909 2032 sit,
925 1979 976 2018 suo
992 1962 1054 2019 loco

81 2045 229 2102 trademus.

496 2241 553 2283 utu.
566 2241 641 2282 XVII.

159 2345 297 2408 QUIBUS
316 2345 431 2396 MODIS
450 2344 698 2396 TESTAMENTA
714 2343 979 2398 INFIRMANTUR.

144 2467 353 2524 Testamentum
366 2469 426 2522 iure
441 2467 541 2523 iactum
556 2483 645 2540 usque
660 2484 692 2524 eo
708 2467 793 2538 valet,
810 2465 898 2524 donec
911 2474 1053 2540 rumpatur
1070 2485 1105 2525 rr.

82 2552 224 2608 irritumve
239 2549 294 2608 fiat.
325 2551 469 2624 Rumpitur
489 2559 578 2608 autern
600 2559 806 2622 testamentum,
828 2567 890 2607 cum
909 2551 938 2606 in
958 2550 1053 2607 eodem
1073 2565 1087 2612 1

83 2643 156 2692 statu
172 2643 298 2692 manente
313 2643 445 2692 testatore
459 2637 544 2710 ipsius
560 2637 716 2692 testamenti
731 2637 773 2692 ius
788 2637 907 2691 vitiatur.
938 2627 981 2689 ³si
993 2636 1053 2708 quis

84 2721 153 2776 enim
169 2728 233 2793 post
251 2719 349 2776 iactum
365 2726 559 2777 testamentum
576 2719 744 2794 adoptaverit
763 2719 815 2776 sibi
834 2717 919 2774 filium
941 2733 991 2792 per
1005 2719 1054 2772 irn-

84 2811 237 2876 peratorem
252 2821 331 2876 eum,
353 2806 399 2878 qui
419 2806 462 2860 sui
483 2806 550 2861 iuris
571 2811 629 2875 est,
651 2812 698 2860 aut
717 2821 767 2878 per
786 2810 941 2876 praetorem
955 2817 1053 2858 secun-

85 2887 146 2942 dum
169 2895 289 2944 nostram
309 2890 532 2945 constitutionem
554 2905 630 2960 curn,
658 2891 704 2962 qui
729 2890 758 2944 in
777 2894 918 2962 potestate
933 2888 1053 2960 parentis

86 2971 177 3044 luerit,
192 2967 385 3029 testamentum
397 2975 454 3030 eius
467 2966 602 3047 rumpitur
617 2974 693 3046 quasi
704 2973 868 3046 adgnatione
883 2972 925 3028 sui
936 2971 1052 3028 heredis.

85 3054 239 3112 Posteriore
254 3075 365 3132 quoque
381 3065 559 3130 testamento,
576 3057 650 3131 quod
664 3059 724 3112 iure
738 3056 889 3130 perlectum
905 3065 958 3128 est,
974 3073 1054 3130 supe-
1072 3070 1088 3118 2

86 3141 140 3196 rius
156 3143 299 3215 rumpitur.
335 3159 385 3199 nec
404 3144 534 3214 interest,
556 3159 589 3197 arr
610 3142 730 3197 extiterit
750 3141 844 3214 aliquis
860 3141 940 3197 heres
962 3157 994 3196 ex
1010 3156 1054 3211 eo,

88 3241 119 3279 an
139 3241 194 3282 non
215 3227 349 3282 extiterit:
373 3228 425 3283 hoc
445 3227 515 3282 enim
537 3225 625 3282 solum
646 3231 802 3300 spectatur,
823 3241 857 3280 arr
878 3225 968 3297 aliquo
990 3239 1054 3279 casu

155 3421 175 3490 ¹)
193 3447 227 3468 =
244 3425 276 3474 L.
296 3427 337 3478 37.
358 3425 391 3475 D.
410 3427 442 3476 de
459 3427 523 3490 vulp.
543 3431 569 3474 et
586 3440 647 3488 pup.
662 3421 713 3486 (28,
727 3421 753 3486 6)
772 3439 807 3473 erc
824 3421 968 3473 Florentiui
985 3423 1001 3474 t.
1022 3423 1054 3472 10

88 3491 167 3546 instit.
201 3492 222 3556 ²)
239 3494 297 3556 fere
310 3514 343 3534 =
357 3493 415 3544 Gai.
429 3494 486 3542 184.
522 3490 541 3554 3)
560 3492 599 3552 ἓξ.
621 3493 644 3540 1.
664 3493 692 3542 2.
701 3511 735 3532 ==
749 3489 805 3541 Gai.
825 3492 849 3538 2.
863 3489 920 3540 138.
935 3489 983 3538 144
994 3495 1053 3538 mut.
