2484 3916
209 255 314 301 eumue
333 257 421 293 nome
441 259 488 294 rue
508 257 678 295 roreerarie
698 259 839 296 sonvrrua
857 245 880 311 1,
900 247 941 298 12.
1022 245 1062 308 19

517 511 575 553 u1r.
588 511 642 553 XII.

171 614 306 678 QUIBUS
324 613 439 666 MODIS
457 615 519 666 IUS
538 615 768 666 POTESTATIS
788 615 983 670 SOLVITUR.

157 735 168 770 ¹
183 737 324 792 Videamus
340 753 426 808 nuno,
442 737 639 810 quibusmodis
655 739 690 808 it,
713 739 759 811 qui
774 738 862 795 alieno
877 741 930 796 iuri
944 741 1058 800 subiecti
1077 764 1112 804 er.

90 830 173 893 sunt,
196 838 229 878 eo
248 823 308 877 iure
323 821 480 878 liberantur.
511 821 662 895 etquidem
683 823 753 877 seru'
773 823 998 896 quemadmodum
1012 844 1062 900 po·

89 914 191 962 testate
205 905 370 978 liberantur,
386 921 419 962 ex
434 907 476 961 his
490 905 651 980 intellegere
663 923 826 980 possumus,
843 925 912 981 quae
927 908 961 964 de
976 913 1061 966 servis

90 990 311 1046 manumittendis
326 992 451 1064 superius
467 991 650 1064 exposuimus.
681 991 709 1046 hi
724 1007 805 1064 vero,
821 993 910 1065 quiin
925 1003 1062 1066 potestate

87 1077 212 1148 parentis
234 1083 314 1146 sunt,
337 1085 447 1130 mortuo
463 1091 496 1130 eo
511 1077 554 1130 sui
569 1076 635 1131 iuris
651 1074 730 1131 fiunt.
766 1075 815 1131 sed
836 1077 889 1133 hoo
909 1077 1061 1136 distinctio-

87 1176 153 1220 nem
174 1161 280 1233 recipit.
310 1175 370 1214 nam
391 1167 501 1214 mortuo
522 1167 599 1234 patre
625 1176 690 1216 sane
712 1159 867 1216 omnimodo
888 1159 937 1217 iiiii
958 1161 1061 1219 filiaeve

86 1245 133 1300 sui
148 1245 214 1300 iuris
231 1241 394 1300 efficiuntur.
417 1251 525 1300 mortuo
547 1259 611 1298 vero
627 1260 676 1300 avo
697 1260 752 1300 non
774 1245 930 1302 omnimodo
945 1256 1060 1320 nepotes

86 1335 243 1402 neptesque
257 1329 299 1384 sui
314 1329 381 1384 iuris
397 1325 482 1400 fiunt,
499 1327 546 1384 sed
561 1329 614 1398 ita,
636 1330 659 1384 si
675 1335 739 1402 post
754 1337 870 1384 mortem
885 1332 925 1385 avi
939 1333 967 1386 in
982 1341 1061 1405 pote·

86 1421 189 1468 statem
212 1414 296 1486 patris
318 1413 361 1467 sni
380 1414 500 1468 recasuri
520 1428 576 1467 non
597 1423 675 1468 sunt:
701 1414 793 1486 itaque
817 1414 841 1468 si
862 1415 995 1471 moriente
1011 1433 1060 1472 avo

85 1505 169 1571 pater
184 1513 279 1553 eorum
293 1504 321 1553 et
336 1497 401 1552 vivit
415 1505 443 1552 ct
457 1498 486 1552 in
507 1503 641 1570 potestate
662 1497 747 1570 patris
767 1498 810 1552 sui
831 1504 889 1570 est,
909 1505 976 1554 tunc
996 1507 1061 1572 post

86 1581 195 1638 obitum
212 1582 252 1636 avi
267 1582 294 1636 in
310 1588 447 1655 potestate
469 1581 554 1654 patris
569 1581 612 1635 sui
627 1578 711 1636 fiunt:
737 1582 840 1637 sivero
861 1582 901 1653 is,
923 1599 977 1656 quo
993 1591 1061 1639 tem·

83 1682 158 1740 pore
174 1669 238 1720 avu's
254 1668 383 1736 moritur,
404 1672 450 1720 aut
464 1666 516 1720 iam
532 1672 656 1720 mortuus
672 1673 714 1721 est
734 1673 781 1720 aut
796 1666 860 1722 exiit
875 1666 908 1722 de
923 1675 1060 1740 potestate

9 1749 10 1752 ’
84 1751 193 1824 patris,
214 1758 279 1806 tunc
294 1751 337 1822 hi,
359 1751 421 1823 quia
441 1750 469 1804 in
484 1756 650 1824 potestatem
671 1751 729 1806 eius
750 1749 846 1806 cadere
861 1767 917 1808 non
932 1761 1060 1824 possunt,

85 1836 131 1890 sui
146 1836 215 1890 iuris
231 1833 309 1890 finnt.
348 1827 433 1889 ²Cum
454 1841 543 1889 autem
558 1835 597 1907 is,
619 1835 666 1908 qui
681 1833 716 1890 ob
731 1834 841 1908 aliquod
857 1834 1016 1892 maleficium
1031 1839 1059 1892 in
1080 1847 1091 1893 1

84 1919 206 1976 insulam
231 1919 408 1992 deportatur,
435 1919 569 1974 civitatem
591 1919 705 1990 amittit,
731 1921 856 1992 sequitur
877 1928 923 1991 ut,
950 1922 1011 1994 quia
1027 1937 1060 1977 eo

85 2004 173 2060 modo
189 2019 222 2059 ex
237 2019 351 2059 numero
362 2004 459 2059 civium
468 2001 651 2058 Romanorum
665 2003 781 2074 tollitur,
796 2004 909 2077 perinde
922 2007 976 2060 acsi
987 2021 1060 2062 mor·

84 2097 135 2144 tuo
153 2104 188 2144 eo
210 2087 335 2144 desinant
356 2087 433 2144 liberi
452 2089 481 2142 in
501 2093 637 2160 potestate
658 2088 716 2142 eius
736 2103 806 2142 esse.
836 2089 894 2160 pari
910 2089 1016 2144 ratione
1033 2098 1060 2144 et

85 2175 109 2228 si
124 2176 161 2245 is,
179 2173 227 2246 qui
241 2173 269 2227 in
280 2179 418 2246 potestate
429 2172 548 2245 parentis
564 2172 610 2242 sit,
625 2172 654 2226 in
665 2170 781 2226 insulam
793 2170 952 2244 deportatus
964 2171 1059 2243 luerit,

85 2257 190 2314 desinit
205 2259 234 2312 in
248 2264 386 2330 potestate
400 2257 519 2331 parentis
541 2269 611 2311 esse.
648 2254 697 2310 sed
712 2255 736 2310 si
751 2271 784 2310 ex
799 2254 970 2330 indulgentia
984 2257 1058 2329 prin-

85 2342 169 2416 cipali
184 2342 306 2397 restituti
320 2341 439 2413 luerint,
459 2355 509 2414 per
529 2341 618 2396 omnia
637 2340 783 2413 pristinum
797 2346 899 2396 statum
913 2341 1057 2414 recipiunt.

86 2420 235 2500 ³iielegati
249 2434 338 2481 autem
358 2433 449 2499 patres
468 2427 497 2480 in
512 2423 628 2479 insulam
642 2426 671 2479 in
684 2431 821 2498 potestate
837 2440 886 2480 sua
901 2423 1001 2481 liberos
1017 2443 1059 2482 re·
1078 2437 1094 2484 2

84 2513 192 2567 tinent:
208 2519 237 2566 et
252 2525 267 2565 e
281 2511 418 2566 contrario
439 2509 518 2565 liberi
538 2507 653 2582 relegati
666 2510 695 2564 in
710 2517 846 2583 potestate
859 2519 1002 2584 parentum
1017 2527 1060 2566 re·

84 2602 209 2650 manent.
257 2593 363 2650 Poenae
389 2611 485 2650 servus
510 2593 621 2649 effectus
648 2591 718 2648 filios
744 2595 772 2649 in
797 2602 936 2668 potestate
961 2593 1095 2652 haberes

85 2679 200 2734 desinit.
250 2680 321 2734 servi
345 2686 435 2734 autem
458 2694 563 2752 poenae
589 2675 767 2750 efficiuntur,
798 2680 846 2752 qui
870 2681 898 2734 in
921 2678 1060 2734 metallum

85 2765 253 2820 damnantur
268 2771 295 2818 et
311 2765 357 2836 qui
372 2762 467 2818 hestiis
482 2761 661 2818 subiciuntur.
706 2761 906 2818 tiliusramilias
922 2765 945 2818 si
960 2763 1059 2818 milita·
1078 2775 1095 2820 4

85 2851 174 2919 verit,
197 2848 241 2904 vel
256 2849 280 2904 si
294 2856 405 2921 senator
428 2847 469 2902 vel
485 2845 581 2904 consul
597 2845 679 2902 suerit
694 2847 797 2919 lactus,
819 2856 908 2902 manet
929 2848 957 2902 in
972 2849 1057 2922 patris

84 2941 236 3006 potestate.
268 2932 361 2987 militia
376 2933 446 2988 enim
461 2931 504 2988 vel
519 2931 670 2988 consularia
691 2931 807 3005 dignitas
823 2932 907 3006 patris
921 2940 1060 3005 potestate

85 3016 176 3073 tilium
191 3033 248 3072 non
269 3015 373 3073 liberat.
404 3016 453 3072 sed
475 3032 507 3072 es
534 3016 732 3072 constitutione
751 3011 866 3072 nostra⁴
894 3032 999 3072 summa
1013 3034 1060 3092 pa·

86 3102 215 3157 tm'ciatus
237 3095 360 3176 'dignitas
387 3101 459 3157 illico
482 3099 514 3156 ab
534 3099 716 3174 imperialibus
737 3099 868 3158 codicillis
890 3103 1059 3175 praestitisa

84 3187 179 3260 patria
197 3194 334 3260 potestate
355 3185 461 3242 liberat.
503 3185 564 3258 quis
591 3186 662 3240 enim
689 3186 807 3259 patiatur
826 3194 931 3259 patrem
952 3185 1060 3259 quidem

163 3397 182 3467 ¹)
200 3423 233 3443 =
247 3401 304 3452 Gai·
325 3404 351 3461 1,
371 3402 429 3452 124.
454 3403 511 3452 rec.
532 3402 589 3453 aaa.
678 3397 699 3466 ²)
717 3402 860 3465 parttm=
874 3399 930 3470 aas.
950 3401 977 3456 1.
1002 3399 1060 3448 1ne.

84 3465 108 3533 ³)
125 3469 189 3531 fere
200 3489 234 3510 ==
246 3470 278 3518 L.
295 3471 320 3520 4.
340 3470 373 3519 D.
392 3471 425 3520 de
441 3470 536 3523 interd.
555 3476 581 3518 et
598 3471 645 3518 rel.
666 3465 718 3532 (48,
738 3465 782 3533 22)
800 3482 836 3517 ear
853 3466 988 3515 Marciani
1004 3468 1021 3514 t.
1034 3467 1059 3514 2.

82 3538 172 3587 instit.
240 3533 262 3602 ⁴)
281 3537 314 3590 L.
333 3539 357 3588 5.
376 3537 404 3587 0.
421 3539 454 3588 de
472 3535 593 3589 consulib.
613 3533 666 3602 (11,
684 3533 722 3600 3).

865 3617 908 3674 2*
