2464 3916
193 187 254 254 136
331 205 367 240 nn
386 203 553 240 rnurrcrans
573 202 827 240 sarrucsrronrsus
844 189 897 250 111,
918 190 949 238 la
968 183 1030 254 (20).

193 355 301 416 mento,
320 345 477 420 promisisse
498 345 629 419 aliquem,
652 344 765 419 perinde
787 343 916 413 babetur,
940 352 1020 418 atquc
1040 345 1063 400 si
1077 345 1152 400 inter-

142 441 174 490 18
191 431 335 504 rogatione
350 429 532 508 praecedente
543 445 705 503 responsum
721 431 765 486 sit.
797 427 928 498 Quotiens
944 428 1037 502 plmes
1052 445 1095 486 res
1106 447 1151 485 nna

192 514 368 588 stipulatione
383 514 661 588 comprehenduntur,
677 516 699 570 si
716 511 823 588 quidem
840 513 989 587 promissor
1004 513 1152 586 simpliciter

191 598 355 672 respondeat
374 615 459 656 onan
481 614 638 670 sporrone,
660 607 774 672 propter
795 613 888 653 omnes
911 604 1034 654 tenetur:
1055 599 1077 654 si
1096 616 1152 654 vero

192 699 271 738 unam
287 699 319 738 er
336 683 377 740 bis
393 683 434 739 vel
451 683 577 758 quasdam
594 682 719 738 daturum
734 697 764 738 se
779 681 973 756 spoponderit,
990 680 1117 768 obligatio
1129 684 1152 737 in

192 767 250 838 his,
270 784 321 842 pro
344 766 441 841 quibus
464 767 658 842 spoponderit,
680 767 860 824 contrabitur.
906 783 937 822 en
953 765 1077 842 pluribus
1092 768 1151 822 enim

191 851 412 925 stipulationibus
425 869 477 908 una
488 852 530 908 vel
541 851 676 926 'quaedam
691 851 818 908 videntur
829 867 889 908 esse
904 849 1054 924 perlectae:
1071 852 1153 924 sinqu-

191 936 231 992 las
257 937 327 992 enim
353 953 398 992 res
424 936 547 1009 stipulari
571 943 599 992 et
623 935 656 991 ad
682 935 803 1010 singulas
830 935 998 1009 respondere
1024 934 1152 990 debemus.

142 1015 173 1064 19
194 1014 296 1077 ¹nlten·
316 1019 454 1096 stipulari,
476 1029 505 1076 ut
520 1019 718 1094 supradictum
734 1029 792 1090 est,
814 1035 894 1075 nemo
913 1027 1019 1093 potest:
1040 1021 1153 1075 inventae

191 1112 256 1185 sunt
272 1105 342 1161 enirn
358 1105 514 1162 huiusmodi
529 1104 709 1178 obligationes
725 1105 757 1160 ad
773 1105 841 1175 hoc,
862 1112 892 1160 nt
908 1106 1098 1178 unnsquisque
1112 1103 1153 1158 sibi

191 1188 325 1262 adquirat,
342 1189 415 1263 quod
430 1207 478 1246 sua
494 1191 623 1245 interest:
639 1197 759 1244 ceterum
775 1181 817 1244 si²
832 1188 876 1244 alii
891 1187 982 1259 detur,
997 1189 1066 1244 nibil
1080 1189 1153 1244 inter·
1205 1193 1206 1218 ¹

191 1279 233 1330 est
248 1273 427 1346 stipulatoris.
467 1274 546 1348 plane
561 1274 584 1328 si
599 1275 660 1346 quis
676 1273 740 1330 velit
754 1273 807 1329 hoc
822 1272 925 1343 lacere,
948 1290 1065 1347 poenam
1079 1273 1154 1346 stipu-

191 1357 240 1414 lari
255 1359 408 1428 contremet,
424 1365 465 1430 ut,
481 1359 531 1414 nisi
547 1359 584 1412 ita
599 1357 700 1414 lactum
715 1359 761 1429 sit,
777 1365 808 1413 ut
823 1358 1050 1431 comprehensum
1066 1349 1153 1426 ιιειι,3

192 1436 394 1499 committatur⁴
415 1459 519 1517 poenae
534 1441 673 1515 stipulatio
689 1443 767 1498 etiam
783 1443 824 1514 ei,
845 1443 922 1497 cuins
944 1441 1013 1498 nihil
1035 1443 1152 1497 interest:

191 1543 305 1600 poenam
321 1529 391 1584 enim
407 1544 468 1584 cunr
489 1527 635 1600 stipulatur
654 1528 730 1600 quis,
753 1543 808 1582 non
829 1525 895 1582 illud
915 1527 1077 1600 inspicitur,
1098 1524 1152 1600 quid

190 1613 299 1668 intersit
314 1614 389 1683 eius,
410 1612 459 1668 sed
481 1628 548 1686 quae
564 1613 599 1668 sit
615 1611 751 1684 quantitas
766 1604 838 1666 sita⁵
858 1611 885 1665 in
900 1610 1064 1667 condicione
1078 1611 1153 1683 stipu-

192 1695 309 1752 lationis.
350 1713 418 1770 ergo
433 1698 456 1751 si
478 1697 539 1770 quis
554 1695 701 1768 stipuletur
717 1695 788 1750 Titio
804 1695 877 1764 dari,
898 1695 965 1751 nibil
981 1697 1056 1770 agit3
1078 1695 1120 1750 sed
1133 1695 1155 1748 si

191 1778 324 1834 addiderit
344 1774 478 1852 poenaml
495 1795 560 1838 mer
574 1795 727 1849 onnnms,
748 1787 949 1838 corduanos
970 1795 1058 1838 nanu
1074 1794 1151 1836 seor·

139 1865 173 1914 20
190 1863 271 1920 nus?
316 1871 380 1918 tnnc
395 1864 575 1920 committitur
589 1862 738 1936 stipulatio.
785 1857 879 1920 ⁷Sed⁸
900 1865 923 1920 si
938 1866 1000 1938 quis
1015 1864 1149 1938 stipuletur

191 1947 250 2019 alii,
267 1963 327 2004 cum
343 1949 401 2004 eius
416 1949 575 2019 interesset,
591 1947 693 2021 placuit
707 1948 910 2022 stipulationem
926 1949 1027 2006 valere.
1065 1964 1116 2004 nam
1128 1946 1148 2000 si

190 2033 229 2104 is,
252 2034 299 2106 qui
319 2033 416 2107 pupilli
438 2033 548 2089 tutelam
569 2031 756 2090 administrare
776 2041 919 2106 coeperat,
945 2034 1031 2090 cessit
1052 2032 1150 2088 admini-

189 2119 321 2173 stratione
341 2119 481 2174 contutori
501 2133 551 2174 sno
574 2125 601 2172 ct
623 2117 768 2191 stipulatus
790 2127 847 2189 est,
868 2133 925 2172 rem
946 2117 1044 2191 pupilli
1065 2117 1150 2172 salvam
1204 2169 1205 2180 ,

190 2200 266 2272 iore,
291 2203 417 2275 quoniam
438 2204 553 2258 interest
567 2202 735 2274 stipulatoris
757 2199 830 2273 fleri,
851 2201 923 2275 quod
946 2201 1092 2274 stipulatus
1107 2206 1151 2268 est,
1204 2237 1205 2248 .

190 2302 251 2341 curn
268 2284 403 2359 obligatus
419 2285 528 2342 iuturus
544 2294 617 2343 esset
631 2285 746 2360 pupillo,
761 2286 785 2341 si
801 2285 869 2342 male
883 2301 927 2342 res
943 2288 1072 2360 gesserit,
1086 2292 1152 2344 tenet

191 2367 330 2441 obligatio.
366 2386 434 2443 ergo
455 2377 482 2424 et
503 2372 525 2425 si
548 2372 608 2443 quis
623 2371 794 2444 procuratori
808 2385 859 2424 suo
875 2369 931 2425 dari
952 2370 1098 2444 stipulatus
1112 2369 1152 2436 sit,

190 2452 329 2524 stipulatio
345 2453 414 2507 vires
431 2452 547 2508 habebit.
579 2461 607 2509 et
622 2455 645 2509 si
659 2455 788 2510 creditori
804 2469 865 2524 suc,
882 2454 955 2527 quod
971 2469 1020 2510 sua
1035 2456 1152 2520 interest,

194 2583 397 2592 —--—-———

259 2667 277 2731 ¹)
295 2669 349 2720 init.
366 2670 425 2730 fere
443 2689 476 2709 --
494 2669 527 2718 L.
547 2671 587 2718 38.
616 2669 638 2728 §-
660 2670 700 2718 17.
719 2671 752 2719 D.
781 2671 813 2719 de
831 2669 899 2721 verb.
926 2669 974 2721 obl.
1001 2669 1051 2733 (45,
1073 2667 1097 2730 1)
1122 2682 1152 2715 en

191 2736 248 2800 [llp.
269 2740 285 2785 l.
304 2738 337 2786 te
356 2738 392 2786 ad
409 2735 469 2786 Sao.
547 2733 568 2800 ²)
587 2741 618 2784 ut
637 2736 695 2799 Diq.
716 2732 744 2787 εἰ
755 2726 841 2802 ἕτὲρῳ
853 2727 1030 2802 ἔπωρητήσει
1047 2735 1149 2798 Theoplr.

189 2802 210 2864 3)
232 2803 281 2852 ΑΒ
300 2809 343 2853 est
364 2803 388 2852 T
403 2804 461 2866 Dip.
531 2799 551 2865 4)
568 2805 685 2869 plerique
703 2805 778 2857 codd.
804 2806 882 2861 inser.
907 2807 1091 2854 committetur
1108 2800 1155 2851 Ar

188 2870 247 2934 Diq.
267 2872 325 2924 edd.
343 2870 417 2923 Salar.
436 2877 462 2920 et
479 2870 529 2922 Kr.
616 2869 637 2936 b)
659 2870 712 2920 sito
737 2874 844 2937 scripsi·
871 2887 917 2923 om.
937 2887 1021 2924 omues
1039 2873 1112 2922 codd.
1130 2876 1152 2918 et

189 2939 250 2986 edd.
267 2939 316 2988 aed
331 2932 402 2990 ποῖά
414 2929 492 2988 ἐστιν
505 2929 522 3003 ἡ
537 2935 587 3002 τῆς
600 2935 702 3004 ποινῆς
715 2931 841 3006 ποιότης
860 2931 878 3006 ἡ
898 2931 1048 3006 ἐγκειμένη
1061 2935 1096 3006 τῇ
1107 2935 1151 3001 τῆς

189 2997 386 3069 ἐπερωτήσεως
414 2999 523 3069 αἱρέσει
552 3005 663 3070 Tdeoplt.
691 3014 717 3056 ut
744 3014 884 3072 appareat,
913 3009 968 3058 sita
987 3008 1017 3059 ob
1045 3009 1150 3058 eirrrilitn·

188 3074 270 3122 dinem
288 3088 342 3122 curre
359 3075 525 3123 antecedente
544 3075 700 3138 quent-itas
718 3077 857 3125 excidisse.
881 3075 937 3124 sita
955 3076 984 3124 in
1002 3075 1078 3126 cond.
1097 3087 1151 3123 aero
1203 3101 1204 3116 .

187 3142 253 3190 idem
279 3143 346 3191 valet
377 3142 446 3206 quod
473 3139 599 3205 pendens
627 3156 644 3190 a
671 3142 750 3194 cond.
777 3143 820 3206 (cf.
839 3143 871 3196 1..
892 3145 931 3192 10.
960 3143 988 3195 0.
1015 3145 1046 3193 de
1071 3155 1149 3190 aecus.

188 3204 224 3274 (9,
243 3205 269 3271 2)
287 3215 313 3258 et
325 3207 409 3271 lexas.)
428 3224 507 3274 eoque
525 3210 598 3258 modo
616 3209 694 3259 verba
705 3210 764 3272 Diq.
785 3225 910 3275 quaeque
931 3211 1054 3261 condicio
1068 3207 1150 3258 Tribo-

188 3279 278 3326 nianue
295 3278 438 3327 illustravit.
512 3274 532 3338 6)
548 3278 667 3342 plerique
689 3279 764 3327 codd.
783 3278 861 3340 infer.
885 3277 998 3342 Tbeopb.
1017 3277 1049 3328 de
1066 3288 1150 3341 poene

188 3346 261 3397 codd.
281 3351 329 3397 oet.
347 3347 407 3395 edd.
426 3343 499 3395 Salar.
519 3350 544 3392 et
562 3343 614 3393 Kr.
692 3341 713 3409 ⁷)
731 3365 766 3386 ==
783 3345 816 3395 L.
835 3346 876 3395 38.
895 3345 934 3405 ἐξ.
953 3348 995 3397 20.
1013 3348 1054 3396 23.
1072 3345 1104 3395 n.
1123 3343 1150 3390 de

187 3411 256 3460 verb.
275 3412 324 3462 obl.
345 3410 398 3476 (45,
419 3408 443 3476 1)
463 3427 498 3460 eac
518 3411 576 3474 Uip.
595 3415 612 3461 l.
631 3413 664 3460 49
683 3413 718 3460 od
734 3410 804 3468 Sub..
824 3417 881 3461 naut.
961 3412 981 3476 8)
1004 3411 1111 3476 ΤΙιεορΙι.
1129 3413 1150 3457 el

189 3479 288 3538 quidam
306 3481 380 3533 codd.
400 3479 447 3530 sed
467 3485 495 3528 et
510 3481 629 3542 plerique
647 3485 672 3527 et
689 3480 748 3529 edd.
767 3478 840 3529 Scir.
860 3486 885 3529 et
903 3480 954 3533 Kr.
978 3478 983 3486 '
