2486 3916
191 236 231 303 14
535 256 571 290 oe
591 255 707 293 neruus
726 241 749 305 1,
771 245 811 294 10.

188 397 264 472 plum
280 395 354 453 filiae*
366 397 461 453 luriosi
478 395 563 452 lilium
576 414 686 472 quoque
697 414 778 471 posse
794 404 822 456 et
834 400 893 455 sine
903 399 987 472 patris
1002 400 1162 456 interventu

188 483 388 538 matrimonium
409 481 460 537 sihi
480 482 608 556 copulare
623 481 772 538 secundum
796 481 886 538 datum
913 500 945 539 cx
960 485 1162 541 constitutione

189 565 307 622 modum.

156 665 169 712 1
254 645 344 724 ¹Ergo
360 667 416 706 non
432 667 526 706 omnes
542 650 620 706 nohis
635 667 735 716 uxores
752 651 852 708 ducere
867 651 944 708 licet:
964 669 1024 708 nam
1037 669 1161 726 quarun-

189 734 249 790 dum
264 736 367 810 nuptiis
383 733 570 792 abstinendum
586 743 638 792 est.
668 737 805 792 intereas
826 738 897 792 enim
918 753 1065 810 personas,
1088 753 1160 811 quae

187 829 330 892 parentum
350 818 532 876 liberorumve
552 819 642 876 locum
662 821 734 876 inter
752 837 782 877 se
804 822 945 893 optinent,
966 823 1076 894 nuptiae
1092 838 1160 878 con·

188 905 258 960 trahi
273 921 329 960 non
349 911 481 978 possunt,
504 904 589 960 veluti
609 905 680 960 inter
700 913 803 978 patrem
826 913 854 960 et
875 903 955 961 liliam
975 905 1019 961 vel
1033 922 1113 962 avum
1129 915 1160 962 et

188 995 297 1062 neptem
312 989 355 1044 vel
370 996 482 1044 matrem
503 995 530 1044 et
552 986 637 1044 filium
658 989 700 1045 vel
720 991 802 1044 ariam
824 997 852 1045 et
866 996 994 1064 nepotem
1018 997 1046 1045 et
1068 1007 1159 1064 usque

188 1073 221 1128 ad
236 1071 383 1129 inlinitum:
407 1081 435 1129 et
455 1074 478 1128 si
499 1072 566 1129 tales
581 1089 715 1147 personae
736 1075 808 1130 inter
822 1090 852 1129 se
867 1075 1013 1145 coierunt,
1039 1075 1157 1130 nefarias

188 1164 269 1230 atque
283 1159 400 1212 incestas
422 1158 530 1231 nuptias
551 1159 718 1214 contraxisse
738 1157 874 1214 dicuntur.
906 1166 934 1214 et
954 1158 1020 1214 haec
1034 1158 1103 1215 adeo
1118 1160 1157 1214 ita

187 1249 266 1313 sunt,
283 1249 330 1312 ut,
346 1243 466 1315 quamvis
482 1257 532 1316 per
546 1242 718 1316 adoptionem
739 1251 882 1316 parentum
896 1241 1077 1299 liberorumve
1092 1243 1156 1300 loco

187 1325 237 1381 sihi
253 1342 313 1382 csse
328 1328 483 1400 coeperint,
498 1343 554 1382 non
568 1329 676 1400 possint
694 1329 766 1384 inter
779 1343 810 1383 se
825 1327 996 1383 matrimonio
1018 1329 1111 1402 iungi,
1126 1329 1156 1383 in
1214 1377 1218 1384 .

188 1418 309 1482 tantum,
332 1417 362 1466 ut
377 1412 456 1467 etiam
472 1411 605 1468 dissoluta
625 1411 771 1486 adoptione
786 1411 856 1468 idem
872 1413 939 1468 iuris
955 1420 1073 1468 maneat:
1104 1414 1155 1468 ita-

188 1511 241 1568 que
274 1511 347 1566 eam,
375 1512 443 1568 quae
475 1495 524 1552 tihi
548 1513 598 1570 per
624 1497 799 1570 adoptionem
829 1494 882 1552 lilia
907 1504 953 1552 aut
978 1499 1067 1570 neptis
1093 1513 1155 1552 esse

187 1581 324 1653 coeperit,
351 1597 407 1635 non
432 1582 537 1654 poteris
565 1596 675 1636 uxorem
702 1580 816 1652 ducere,
844 1581 963 1654 quamvis
985 1597 1043 1636 eam
1064 1597 1155 1636 eman-

186 1665 326 1737 cipaveris.

153 1757 168 1804 2
250 1739 347 1802 ²lnter
362 1763 407 1803 eas
424 1765 533 1822 quoque
548 1765 695 1824 personas,
711 1765 780 1822 quae
796 1765 828 1804 er
840 1757 994 1806 transverso
1007 1749 1093 1823 gradu
1109 1767 1154 1806 co·

187 1833 323 1905 gnationis
337 1833 503 1906 iunguntm,
525 1841 568 1889 est
583 1831 713 1906 quaedam
734 1833 829 1888 similis
845 1833 1013 1906 observatio,
1033 1834 1153 1890 sednon

186 1923 268 1971 tanta.
306 1932 370 1972 sane
386 1917 456 1972 enim
471 1917 545 1974 inter'
557 1917 669 1974 fratrem
684 1933 861 1991 sororemque
876 1919 986 1992 nuptiae
1000 1917 1152 1992 prohibitae

187 2008 266 2072 sunt,
287 2001 344 2056 sive
364 2000 397 2057 ab
418 2000 513 2058 eodem
533 2011 611 2077 patre
626 2002 775 2076 eademque
789 2010 875 2058 matre
891 2004 946 2059 nati
960 2001 1079 2072 luerint,
1096 2004 1151 2058 sire

187 2101 219 2140 eu
235 2085 367 2142 alterutro
383 2102 486 2142 eorum.
518 2087 566 2143 sed
581 2089 604 2143 si
620 2104 672 2160 qua
686 2103 736 2161 per
746 2087 920 2160 adoptionem
934 2103 1015 2143 soror
1030 2085 1077 2142 tibi
1092 2103 1152 2142 esse

185 2173 323 2244 coeperit,
349 2171 476 2244 quamdiu
498 2171 606 2246 quidem
627 2179 734 2228 constat
754 2171 880 2245 adoptio,
905 2188 970 2228 sane
990 2173 1061 2228 inter
1082 2179 1110 2226 te
1125 2179 1152 2226 et

186 2271 243 2310 eam
258 2257 369 2328 nuptiae
384 2257 535 2333 consistere
549 2273 605 2312 non
620 2250 750 2330 possunt:
781 2272 843 2312 cunr
858 2272 922 2312 vero
938 2273 988 2330 per
1003 2257 1151 2330 emancipe-

187 2343 287 2394 tionem
303 2339 414 2412 adoptio
430 2339 563 2396 dissoluta
577 2342 629 2411 sit,
650 2341 753 2413 poteris
769 2356 827 2396 eam
843 2357 954 2396 uxorem
970 2340 1083 2396 ducere:
1100 2341 1148 2396 sed

186 2431 214 2478 et
228 2423 252 2477 si
267 2431 297 2478 tu
313 2425 493 2496 emancipatus
509 2424 609 2494 tueris,
635 2423 702 2480 nihil
719 2431 760 2479 est
779 2424 973 2499 impedimento
994 2425 1107 2498 nuptiis.
1123 2432 1150 2480 et

184 2506 246 2563 ideo
262 2514 383 2578 constat,
399 2509 422 2563 si
439 2509 499 2582 quis
515 2525 646 2582 generum
661 2509 789 2582 adoptare
804 2509 883 2582 velit,
899 2509 998 2565 debere
1013 2515 1150 2565 comante

185 2589 266 2647 liliam
282 2608 356 2648 suam
372 2593 555 2666 emancipare:
585 2601 613 2649 et
633 2595 657 2650 si
677 2595 737 2667 quis
753 2593 818 2650 velit
832 2610 931 2650 nurum
945 2594 1090 2668 adoptare,
1105 2593 1150 2648 de·

151 2687 167 2736 3
185 2674 250 2732 bere
272 2693 334 2733 eum
357 2685 420 2733 ante
446 2675 530 2732 filium
551 2679 728 2752 emancipare.
765 2677 865 2734 l‘ratris
886 2679 928 2734 vel
950 2680 1053 2734 sororis
1068 2677 1149 2734 tiliam

185 2778 297 2818 uxorem
312 2761 411 2818 ducere
427 2762 570 2818 nonlicet.
608 2762 658 2818 sed
678 2779 728 2818 noo
748 2769 856 2836 neptem
878 2763 968 2819 fratris
989 2762 1031 2819 vel
1046 2763 1149 2818 sororis

185 2847 284 2903 ducere
300 2848 360 2921 quis
381 2854 490 2920 potest,
516 2847 636 2921 quamvis
663 2854 759 2922 quarto
786 2847 872 2922 gradu
892 2849 956 2904 sint.
987 2849 1063 2904 cuius
1079 2847 1150 2902 enim

185 2929 264 2987 liliam
280 2947 394 2987 uxorem
408 2931 507 2988 ducere
521 2949 577 2988 non
591 2932 665 3004 licet,
681 2934 739 2989 eius
751 2949 840 3005 neque
850 2939 960 3006 neptem
974 2933 1147 3006 permittitur.

185 3017 243 3072 eius
259 3032 323 3072 vero
338 3016 475 3089 mulieris,
501 3029 582 3090 quam·
595 3023 673 3090 pater
687 3025 752 3072 tuus
767 3016 921 3090 adoptavit,
943 3015 1024 3072 liliam
1038 3033 1095 3072 non
1112 3016 1149 3070 vi·

185 3101 257 3156 deris
272 3101 397 3176 impediri
411 3118 524 3158 uxorem
536 3101 651 3173 ducere,
667 3102 728 3175 quia
739 3117 828 3175 neque
844 3101 959 3158 naturali
974 3117 1064 3175 neque
1078 3099 1148 3157 cirili

150 3185 168 3234 4
184 3187 243 3242 iure
259 3185 306 3242 tibi
317 3187 502 3261 coniungitur.
519 3186 638 3243 lluonrm
651 3195 741 3242 autem
753 3186 865 3242 fratrum
880 3185 923 3242 vel
935 3202 1061 3242 sororum
1074 3184 1148 3242 liberi

151 3271 167 3319 5
186 3270 227 3326 vel
243 3271 334 3328 fratris
349 3279 377 3327 et
392 3272 494 3327 sororis
510 3273 588 3346 iungi
599 3279 724 3346 possunt.
748 3271 813 3327 ltem
829 3273 952 3342 amitam,
967 3271 1030 3327 licet
1045 3269 1149 3342 adopti-

185 3437 388 3446 ...μ-...υψ

255 3534 274 3604 ¹)
291 3539 349 3602 fere
367 3561 400 3581 =
419 3541 474 3592 Gai.
497 3542 518 3602 l,
538 3540 661 3590 „tm—ot.
729 3534 751 3602 ²)
767 3537 826 3600 fere
844 3557 876 3578 z
896 3535 952 3590 oar.
972 3537 995 3594 1,
1013 3537 1055 3586 60.
1075 3536 1115 3584 21.
