2464 3916
185 201 245 264 112
389 218 424 252 nn
444 217 632 254 succressens
651 219 840 256 coaasronuu
859 205 906 261 lII.
925 206 950 256 5.

621 388 680 429 um.
692 389 719 428 V.

364 490 413 539 Di}
433 489 683 542 SUCOESSIONE
703 489 964 542 COGNATORUM.

131 627 166 667 Pr.
248 612 314 668 Post
329 629 394 668 suos
410 612 524 670 heredes
540 629 657 686 cosque,
674 629 743 686 quos
753 615 825 670 inter
839 631 904 671 suos
920 613 1034 670 heredes
1044 623 1146 687 praetor

184 705 212 752 et
226 698 437 754 constitutiones
454 705 565 768 vocant,
591 705 619 752 et
634 705 698 771 post
713 697 850 772 legitimos
871 699 937 772 (quo
959 714 1072 754 numero
1088 707 1146 754 sunt

182 781 291 856 adgnati
306 790 334 837 et
350 783 393 854 ni,
416 799 485 856 quos
507 781 638 838 inlocum
660 781 838 856 adgnatorum
861 790 913 838 tam
929 800 1010 856 supra
1025 781 1095 838 dicta
1110 799 1148 838 se·

182 867 386 922 natusconsulta
402 883 482 940 quam
497 874 590 923 nostra
606 867 692 922 erexit
707 865 878 940 constitutio)
898 869 1037 942 proximos
1053 883 1148 941 cogna-

149 954 225 1008 ltos
251 959 361 1025 praetor
386 959 473 1007 vocat.
512 949 569 1018 Qua
596 959 671 1024 parte
697 952 825 1008 naturalis
854 954 980 1026 cognatio
1002 959 1146 1024 spectatur.

181 1053 241 1091 nam
257 1035 364 1110 adgnati
380 1037 467 1109 capite
482 1034 614 1092 deminuti
636 1037 737 1109 quique
758 1053 790 1092 ex
806 1037 848 1092 his
859 1037 997 1110 progeniti
1017 1044 1098 1107 sunt,
1119 1053 1149 1091 er

181 1120 243 1193 lege
259 1119 402 1176 duodecim
419 1119 569 1176 tabularum
590 1121 661 1175 inter
682 1120 819 1194 legitimos
836 1137 890 1176 non
905 1119 1053 1191 habentur,
1076 1120 1121 1176 sed
1136 1139 1150 1175 a

181 1211 306 1278 praetore
329 1206 409 1260 tertio
438 1203 533 1260 ordine
560 1212 705 1284 vocantur,
732 1207 851 1279 exeeptis
872 1205 938 1262 solis
964 1204 1150 1260 tantummodo
1210 1199 1223 1216 “’

182 1289 264 1343 l'ratre
280 1296 306 1344 et
328 1305 424 1344 sorore
446 1289 631 1362 emancipatis,
658 1306 714 1344 non
735 1291 813 1344 etiam
835 1289 926 1345 liberis
946 1305 1057 1360 eorum,
1083 1306 1149 1362 quos
1222 1343 1223 1346 ,

180 1365 433 1429 leuduastasiana¹
453 1372 656 1429 cumfratribus
677 1375 777 1448 integri
802 1375 868 1429 iuris
895 1375 1051 1430 constitutis
1076 1383 1151 1429 vocat
1222 1405 1223 1410 κ

182 1456 290 1532 quidem
306 1457 338 1513 ad
354 1457 503 1532 legitimam
519 1457 609 1514 lratris
625 1457 801 1514 hereditatem
822 1459 878 1514 sive
898 1459 1016 1529 sororis,
1038 1475 1093 1514 non
1109 1475 1151 1513 ae-

181 1543 242 1615 quis
258 1539 347 1598 tamen
363 1542 499 1616 partibus,
516 1543 564 1599 sed
580 1559 641 1598 cunr
657 1542 744 1616 aliqua
759 1541 960 1614 deminutione,
978 1559 1058 1616 quam
1074 1543 1150 1600 facile

181 1635 223 1682 est
239 1628 371 1700 exipsius
387 1628 590 1684 constitutionis
606 1625 692 1682 verbis
708 1627 852 1701 colligere,
873 1627 931 1684 aliis
947 1643 1011 1684 vero
1028 1627 1149 1701 adgnatis

180 1711 317 1766 inlerioris
339 1711 455 1784 gradus,
478 1713 542 1768 licet
563 1712 657 1784 capitis
678 1710 889 1768 deminutionem
910 1713 982 1786 passi
1004 1720 1149 1781 nonsart,

130 1788 288 1863 2(1)tamen
304 1811 351 1850 eos
367 1796 509 1870 anteponit
524 1804 551 1852 et
563 1795 658 1869 procul
673 1795 755 1852 dubio
771 1798 903 1871 cognatis.
926 1795 981 1852 llos
998 1797 1089 1868 etiam,
1105 1797 1150 1868 qui

180 1895 228 1953 per
243 1878 367 1954 feminini
379 1896 461 1936 senus
476 1895 605 1953 personas
628 1895 659 1935 ex
675 1886 829 1936 transverso
851 1883 1014 1956 cognatione
1034 1882 1150 1954 iungan-

181 1975 241 2036 tur,
258 1965 339 2020 tertio
356 1963 442 2038 gradu
456 1965 634 2039 proximitatis
650 1966 759 2022 nomine
780 1973 889 2040 praetor
903 1966 935 2022 ad
950 1967 1147 2023 successionem

128 2041 280 2112 3(2)vocat.
318 2049 406 2106 Liberi
422 2066 547 2124 quoque,
570 2049 658 2122 quiin
674 2049 799 2123 adoptiva
814 2049 911 2106 familia
925 2057 1004 2121 sunt,
1027 2049 1060 2104 ad
1075 2057 1150 2104 natu-

179 2135 275 2190 ralium
305 2142 447 2208 parentum
480 2133 655 2191 hereditatem
687 2135 740 2190 hoc
772 2133 867 2190 eodem
895 2134 979 2210 gradu
1011 2142 1149 2191 vocantur.¹

128 2211 283 2294 4l3)Vulgo
310 2221 448 2293 quaesitos
472 2219 575 2276 nullum
591 2217 689 2274 habere
710 2218 872 2292 adgnatum‚
902 2219 1072 2276 manifestum
1098 2226 1149 2287 est,

180 2322 240 2360 cum
257 2304 384 2378 adgnatio
399 2322 414 2360 a
428 2313 520 2378 patre,
541 2305 669 2377 cognatio
690 2305 726 2358 sit
746 2309 875 2376 amatre,
897 2305 924 2360 hi
940 2312 1030 2359 autem
1045 2303 1149 2359 nullum

178 2395 282 2461 patrem
299 2387 397 2444 habere
411 2388 619 2462 intelleguntur.
651 2387 743 2444 eadem
765 2389 870 2444 ratione
890 2405 941 2444 uec
960 2389 1033 2444 inter
1047 2404 1074 2444 se
1088 2388 1148 2460 qui-

180 2471 239 2528 dem
262 2482 378 2544 possunt
399 2473 483 2528 videri
504 2473 701 2545 consanguinei
719 2489 794 2546 esse,
823 2475 885 2546 quia
906 2472 1149 2547 consanguinitatis

178 2557 220 2610 ius
235 2557 339 2628 species
360 2565 403 2612 est
424 2556 609 2631 adgnationis:
636 2564 739 2612 tantum
766 2559 851 2632 igitur
870 2559 980 2632 cognati
1001 2566 1066 2613 sunt
1087 2555 1149 2626 silai,

178 2640 250 2696 sicat
265 2647 292 2695 et
307 2643 399 2698 matris
421 2640 554 2714 cognatis.
593 2643 683 2714 itaque
706 2641 829 2698 omatibus
851 2643 909 2698 istis
933 2659 964 2698 ea
983 2649 1061 2716 parte
1076 2657 1150 2698 com·

178 2726 247 2798 petit
261 2723 396 2782 bonorum
412 2728 567 2800 possessio,
588 2742 641 2798 qua
661 2727 840 2800 proximitatis
856 2729 963 2790 nominc
979 2727 1086 2801 cognati
1102 2741 1150 2780 vo-

127 2807 298 2888 5(4)eantur.
327 2810 394 2866 -lloc
414 2811 476 2868 loco
491 2817 519 2866 et
532 2809 600 2866 illud
615 2811 766 2868 necessario
787 2811 947 2868 admonendi
967 2827 1076 2882 sumus,
1104 2809 1151 2864 ad-

178 2895 315 2966 gnationis
343 2895 450 2968 quidem
475 2895 534 2952 iure
560 2895 665 2950 admitti
690 2895 807 2968 aliquem
831 2897 864 2952 ad
890 2896 1066 2952 hereditatem
1081 2903 1110 2950 et
1125 2897 1151 2949 si

177 2977 281 3034 decimo
297 2979 384 3052 gradu
398 2980 450 3050 sit,
465 2981 521 3036 sive
536 2979 570 3036 de
585 2979 647 3054 lege
662 2979 803 3036 duodecim
816 2981 966 3038 tabularum
978 2997 1150 3054 quaeramus⁷

178 3063 234 3116 sive
254 3061 287 3117 de
310 3063 415 3136 edicto,
442 3081 497 3138 qao
524 3071 635 3138 praetor
659 3064 787 3138 legitimis
807 3065 951 3122 heredibus
972 3065 1097 3122 daturum
1116 3081 1151 3118 se

177 3145 311 3202 honorum
332 3150 535 3222 possessionem
556 3147 709 3222 pollicetur.
753 3151 932 3224 proximitatis
954 3167 1018 3207 vero
1039 3149 1150 3205 nomine

178 3231 218 3286 lais
233 3232 299 3287 solis
315 3241 426 3307 praetor
447 3234 582 3308 promittit
603 3232 737 3290 honorum
753 3237 972 3308 possessionem,
993 3237 1039 3309 qui
1060 3249 1149 3305 usquc

180 3397 382 3406 »Ἣ

247 3493 268 3560 ¹)
287 3499 313 3546 in
332 3497 394 3549 eoo.
412 3505 495 3562 repet.
513 3501 597 3562 procl.
618 3501 717 3552 omissa.
