2484 3916
117 545 174 642 m
200 566 404 642 nonnum
431 515 623 643 nomm
646 565 836 642 uosrm
861 567 985 644 meu

448 683 658 761 uenerem

91 835 271 878 memnon
285 835 404 878 CAESAR
416 835 549 879 sumus
575 836 774 878 mormanus
787 835 1009 882 annuamus

90 904 242 948 Goumoos
271 903 442 946 memus
470 903 668 946 commeneus
696 904 828 946 autumus
856 905 1010 950 humens

92 971 288 1014 vAquInutts
305 971 480 1013 AFRICANUS
493 972 560 1014 PIUS
574 973 670 1014 FELIX
683 972 834 1014 montcue
846 973 957 1016 VIcuou
970 974 1009 1016 AO

293 1038 514 1081 TRIUMPHATOR
527 1039 648 1080 SEMPER
660 1037 819 1082 AUGUSTUS

329 1105 461 1148 coemam
474 1105 581 1148 LEGUM
594 1107 772 1148 mundaum

132 1215 333 1290 Imperatoriam
348 1215 514 1270 maiestatem
530 1231 585 1272 non
601 1214 691 1271 solurn
706 1216 785 1272 armis
801 1215 968 1280 decoratam,
984 1217 1032 1274 sed
1050 1232 1085 1274 er.

67 1302 149 1356 etiam
171 1299 277 1374 legibus
299 1306 410 1374 oportet
425 1315 484 1355 esse
505 1307 648 1370 armatam,
670 1307 701 1355 ut
721 1307 868 1374 utrumque
886 1308 992 1376 tempus
1008 1312 1036 1359 et

69 1383 204 1440 bellorum
221 1392 248 1441 et
262 1385 335 1460 pacis
356 1391 430 1440 recte
451 1384 540 1457 possit
555 1383 702 1458 gubernari
717 1391 745 1440 et
759 1386 884 1459 princeps
899 1385 1035 1444 Romanus

70 1470 156 1524 victor
170 1469 269 1526 existat
290 1485 346 1526 non
367 1467 457 1524 solum
477 1469 505 1524 iu
520 1465 666 1524 hostilibus
681 1468 808 1542 proeliis,
829 1469 877 1524 sed
893 1471 972 1528 etiam
987 1487 1036 1544 per

70 1553 206 1628 legitimos
222 1555 342 1610 tramites
358 1552 577 1609 calumniantium
592 1553 750 1626 iniquitates
772 1552 925 1628 expellens,
946 1563 974 1610 et
990 1553 1035 1610 hat

72 1646 123 1693 tam
139 1639 206 1694 iuris
222 1638 443 1712 religiosissimus
460 1654 541 1711 quam
555 1638 632 1694 victis
648 1635 772 1692 hostibus
789 1639 977 1712 triumphator.

134 1721 255 1790 Quorum
272 1731 413 1796 utramque
425 1724 492 1780 viam
508 1738 569 1778 cum
580 1723 692 1778 summis
705 1722 804 1795 vigiliis
820 1731 848 1778 et
857 1739 960 1780 summa
971 1741 1035 1799 pro·
1056 1716 1068 1763 l

70 1806 186 1864 videntia
201 1807 335 1863 adnuente
350 1807 404 1862 lieo
425 1807 597 1881 perfecimus.
628 1815 656 1862 et
671 1805 782 1863 bellicos
798 1807 905 1880 quidem
921 1809 1035 1865 sudores

69 1899 179 1948 nostros
195 1891 346 1948 barbaricae
362 1899 459 1966 gentes
474 1891 525 1948 suh
540 1893 603 1966 iuga
615 1897 708 1948 nostra
720 1891 850 1948 deductae
865 1902 1036 1968 cognoscunt

69 1983 171 2032 ettam
192 1976 281 2033 Africa
300 1993 380 2050 quam
407 1976 472 2034 aliae
493 1977 681 2032 innumerosae
707 1977 860 2049 provinciae
879 1985 943 2050 post
964 1986 1035 2034 tanta

71 2070 224 2134 temporum
245 2063 331 2135 spatia
351 2062 453 2118 nostris
474 2062 593 2116 victoriis
615 2059 754 2116 ocaelesti
776 2061 885 2115 numine
899 2063 1036 2134 praestitis

69 2147 168 2202 iterum
189 2145 289 2203 dicioni
309 2144 443 2202 Romanae
463 2152 614 2218 nostroque
635 2145 739 2200 additae
754 2145 867 2217 imperio
882 2153 1037 2217 protestan-

71 2239 122 2286 tur.
156 2247 251 2287 omnes
272 2247 336 2286 vero
357 2229 452 2305 populi
472 2228 579 2303 legibus
600 2230 682 2284 lama
704 2226 782 2283 nohis
798 2227 838 2283 vel
855 2229 1035 2304 promulgatis

69 2315 109 2370 vel
132 2317 292 2390 compositis
312 2321 458 2390 reguntur.
489 2313 598 2370 Etcum
616 2313 810 2370 sacratissimas
826 2315 1035 2371 constitutiones
1053 2317 1069 2364 2

68 2407 146 2456 antea
173 2401 300 2457 coniusas
326 2402 354 2456 in
377 2398 542 2456 luculentam
574 2400 706 2456 ereximus
731 2399 948 2463 consonantiam,
971 2408 1036 2457 tuuc

69 2492 191 2540 nostram
211 2485 380 2541 extendimus
402 2501 493 2540 curam
513 2493 541 2540 et
561 2484 593 2539 ad
614 2485 744 2539 immensa
764 2482 922 2556 prudentiae
937 2487 1035 2542 veteris

69 2569 205 2625 volumina
227 2577 254 2626 et
277 2586 345 2644 opus
367 2569 554 2643 desperatum,
576 2569 653 2643 quasi
674 2585 723 2640 per
738 2567 856 2622 medium
870 2568 1035 2641 profundum

69 2661 182 2725 euntes,
203 2654 314 2712 caelesti
332 2655 424 2721 latore
446 2655 497 2710 iam
518 2653 731 2726 adimplevimus.
767 2651 887 2725 Cumque
909 2654 962 2709 hoc
981 2654 1034 2711 lieo
1053 2661 1069 2706 3

69 2739 187 2812 propitio
203 2749 342 2814 peractum
358 2748 416 2810 est,
432 2738 611 2810 Triboniano,
627 2738 685 2792 viro
698 2734 850 2811 magnifico,
863 2739 993 2812 magistro
1009 2747 1037 2795 et

68 2831 258 2896 exquaestore
273 2825 341 2880 sacri
352 2823 443 2898 palatii
454 2824 550 2886 nostri,
563 2839 613 2878 nee
623 2838 677 2878 non
689 2821 842 2896 Theophilo
855 2821 1036 2896 etilorotheo,

70 2908 131 2962 viris
147 2907 316 2980 illustribus,
332 2907 567 2980 antecessoribus,
584 2923 699 2982 quorum
717 2907 836 2963 omnium
848 2905 997 2964 sollertiam
1010 2920 1037 2965 et

69 2990 161 3066 legum
177 2993 318 3048 scientiam
333 3001 362 3049 et
377 2995 448 3049 eirca
461 3002 569 3050 nostras
584 2993 720 3048 iussiones
736 2989 815 3048 fidem
830 2993 883 3063 iam
898 3009 931 3048 er
945 2993 1037 3050 multis

30 3077 31 3090 ¹
68 3093 159 3132 rerum
181 3080 349 3152 argumentis
370 3080 537 3152 accepimus,
560 3078 715 3133 convocatis
738 3077 890 3151 specialiter
905 3078 1037 3134 mandavi·

30 3201 32 3244 Ι
69 3177 144 3232 mus,
168 3171 198 3217 ut
218 3171 313 3218 nostra
334 3157 495 3220 auctoritate
515 3163 672 3237 nostrisque
688 3159 858 3218 suasionibus
874 3173 1037 3236 componant

30 3249 32 3309 l
68 3248 271 3326 institutiones:
287 3255 318 3304 ut
333 3248 412 3305 liceat
428 3247 503 3304 vohis
519 3249 604 3322 prima
619 3249 712 3321 legum
727 3245 858 3304 cunabula
873 3265 929 3304 non
944 3247 976 3302 ab
991 3265 1036 3302 an·

70 3331 151 3402 tiquis
168 3330 265 3387 sabulis
281 3332 401 3404 discere,
424 3332 472 3388 sed
492 3332 524 3389 ab
539 3333 670 3407 imperiali
691 3332 836 3405 splendore
851 3341 994 3406 appetere,
1010 3340 1038 3387 ct

31 3449 32 3482 5
70 3421 121 3469 tam
137 3432 216 3471 aures
233 3433 312 3495 quam
328 3420 430 3473 animae
444 3426 550 3473 vestrae
565 3417 633 3474 nihil
647 3418 744 3473 inutile
758 3416 880 3489 nihilque
895 3431 1035 3489 perperam

32 3517 33 3524 ¹
71 3502 205 3572 positum,
222 3501 270 3556 sed
283 3502 356 3575 quod
367 3503 394 3558 in
410 3504 476 3576 ipsis
492 3519 583 3558 rerum
597 3503 701 3575 optinet
714 3501 891 3574 argumentis,
907 3499 1038 3570 accipiant

33 3615 34 3620 ¹
101 3613 264 3648 1vss1u1su1
284 3615 511 3652 marcumunes,
865 3601 880 3654 1
