2486 3916
144 175 237 226 XVIII
451 186 616 222 mnusosuu
634 185 819 222 cousracsus.

144 311 199 360 Tit.
219 309 257 360 VI
274 309 317 360 De
335 308 553 372 usucapionibus
573 312 600 359 et
618 307 694 374 longi
712 307 844 372 temporis
863 307 1095 372 possessionibus.

212 377 265 428 VII
282 378 324 427 De
343 375 549 426 donationibus.

213 444 281 496 VIII
300 443 406 506 Quibus
426 443 551 494 alienare
569 443 637 494 licet
654 442 700 494 vel
719 458 783 493 non.

212 512 252 562 IX
270 513 324 562 Per
343 525 412 577 quas
430 526 565 577 personas
583 511 663 562 nobie
682 511 850 576 adquiritur.

212 581 237 630 X
254 579 297 630 De
315 579 493 630 testamentis
513 577 681 630 ordinandis.

212 647 252 698 XI
270 648 312 698 De
331 646 447 698 militari
465 651 643 698 testamento.

213 715 268 766 XII
286 715 392 780 Quibus
409 730 465 765 non
483 719 526 765 est
544 716 706 779 permissum
726 719 893 766 testamenta
912 715 1015 766 facere.

214 783 282 834 XIII
301 786 342 834 De
363 781 578 834 exheredatione
597 782 755 836 liberorum.

214 851 278 901 XIV
296 852 339 900 De
357 850 505 902 heredibus
523 849 711 902 instituendis.

215 919 264 970 XV
283 919 325 968 De
342 917 454 982 vulgari
472 917 679 968 substitutione.

214 987 279 1037 XVI
295 986 338 1036 De
356 985 488 1050 pupillari
506 984 711 1036 substitutione.

214 1055 293 1105 XVII
312 1053 418 1115 Quibus
437 1053 525 1104 modis
543 1056 713 1104 testamenta
731 1053 911 1103 infirmantur.

214 1121 308 1174 XVIII
325 1121 368 1171 De
386 1119 541 1171 inofficioso
560 1124 736 1173 testamento.

214 1189 280 1240 XIX
298 1189 341 1238 De
358 1187 490 1238 heredum
509 1187 646 1253 qualitate
664 1193 693 1239 et
711 1188 880 1240 differentia.

214 1257 266 1306 XX
282 1257 325 1306 De
343 1255 456 1320 legatis,

214 1324 280 1376 XXI
297 1323 340 1373 De
360 1323 536 1388 ademptione
554 1323 721 1388 legatorum.

215 1391 295 1442 XXII
312 1391 355 1440 De
373 1389 436 1456 lege
455 1390 592 1442 Fachdin.

215 1459 310 1510 XXIII
328 1459 370 1508 Dc
389 1457 654 1510 fideicommissariis
673 1459 885 1512 heredItatibus.

215 1526 305 1578 XXIV
323 1526 366 1578 Dc
385 1527 500 1592 singulis
519 1528 601 1577 rebus
619 1543 668 1592 per
686 1526 927 1578 fideicommissum
945 1524 1061 1576 relictis.

215 1594 292 1646 XXV
310 1595 353 1643 De
373 1593 524 1645 codicillis.

444 1697 447 1700 ’
482 1709 593 1760 asena
616 1709 785 1762 suerrus

216 1794 290 1846 IDe
308 1793 521 1858 hereditatibus,
541 1809 612 1858 quae
631 1794 666 1844 ab
685 1795 822 1846 intestato
841 1794 1010 1848 deferuntur.

215 1863 242 1912 II
259 1863 301 1912 De
320 1861 447 1926 legitima
466 1860 649 1925 adgnatorum
667 1863 854 1914 successione.

216 1929 259 1980 III
276 1930 319 1978 De
339 1929 580 1980 senatusconsulto
599 1927 782 1981 Tertulliano.

215 1997 254 2048 IV
272 1997 314 2046 De
328 1996 569 2048 senatusconsulto
582 1996 758 2062 Orphitiano.

217 2065 240 2112 V
258 2064 300 2114 De
319 2061 493 2116 successione
512 2069 701 2131 cognatorum.

218 2133 257 2184 VI
275 2133 318 2184 De
337 2132 468 2197 gradibus
487 2133 671 2199 cognati0nis.

217 2199 271 2252 VlI
287 2202 330 2251 De
349 2201 525 2251 successione
544 2200 714 2250 libertorum.

217 2268 282 2317 VIII
299 2269 341 2318 De
361 2267 555 2332 adsignatione
575 2268 745 2321 libertorum.

216 2335 257 2385 IX
274 2335 318 2385 De
336 2335 469 2385 bonorum
487 2335 717 2399 possessionibus.

217 2403 240 2452 X
259 2403 301 2451 De
321 2401 508 2466 adquisitione
528 2417 577 2466 per
590 2403 808 2468 adrogationem.

218 2470 258 2520 XI
275 2470 318 2519 De
337 2485 379 2533 eo,
398 2471 441 2520 cui
458 2469 598 2520 libertatis
617 2486 703 2521 causa
721 2471 795 2522 bona
809 2468 979 2520 addicuntur.

217 2538 273 2588 XII
290 2537 332 2586 De
352 2537 576 2588 successionibus
594 2537 727 2603 sublatis,
752 2553 821 2603 quae
845 2535 948 2587 fiebant
966 2551 1015 2602 per
1034 2535 1120 2586 bono-

302 2621 361 2654 rum
378 2605 566 2656 venditionem
585 2610 613 2656 et
636 2622 669 2656 ex
690 2605 931 2658 senatusconsulto
950 2603 1120 2658 Claudiano.

218 2673 288 2724 XIII
304 2673 347 2722 De
366 2672 591 2737 obIIgatiouibus.
683 2699 687 2706 ·
958 2687 959 2692 ’
1002 2669 1005 2676 ’

217 2741 282 2794 XIV
301 2739 407 2804 Quibus
426 2741 514 2791 modis
532 2757 561 2790 re
581 2742 756 2792 contrahitur
775 2741 921 2806 obligatio.

218 2809 269 2860 XV
286 2809 330 2858 De
347 2808 492 2858 verborum
504 2809 693 2874 obligatione.

217 2876 282 2927 XVI
301 2877 342 2926 De
362 2873 467 2926 duobus
485 2875 540 2928 reis
559 2875 712 2941 stipulandi
731 2882 758 2926 et
775 2875 964 2942 promittendi.

217 2941 296 2994 XVII
313 2944 356 2993 De
375 2943 556 3008 stipulatione
576 2959 725 2998 servorum.

217 3010 312 3060 XVIII
329 3011 371 3061 De
389 3009 526 3063 divisione
545 3011 761 3075 stipulationum.

217 3079 284 3128 XIX
302 3079 346 3128 De
365 3078 511 3130 inutilibus
528 3079 762 3144 stipulationibus.

218 3146 269 3196 XX
286 3147 329 3196 De
342 3145 559 3199 fideiussoribus.

219 3214 283 3264 XXI
301 3215 343 3264 De
362 3213 517 3266 litterarum
531 3215 712 3280 obligatione.

218 3282 300 3333 XXII
316 3282 360 3332 Dc
379 3297 515 3333 consensu
533 3282 715 3348 obligatione.

218 3350 314 3400 XXIII
330 3350 372 3400 De
392 3351 531 3415 emptione
550 3355 579 3401 et
591 3351 758 3402 venditione.

219 3417 311 3469 XXIV
328 3419 370 3467 De
389 3417 528 3470 locatione
548 3424 576 3469 et
595 3419 785 3470 conductione.
