2464 3916
147 233 208 298 166
483 249 518 284 nn
538 249 663 286 turonus
682 235 728 298 IV,
748 237 773 286 4.

143 394 217 448 muni
231 406 310 448 servo
325 390 422 446 iniuria
437 390 506 448 iacta
520 392 568 463 sit,
583 407 699 466 aequum
715 397 767 461 est,
782 406 839 448 non
850 407 902 464 pro
918 405 950 446 ea
964 397 1052 464 parte,
1064 407 1118 464 qua

143 477 267 533 dominus
283 475 399 548 quisque
415 484 468 550 est,
483 477 697 532 aestimationem
711 475 824 531 iniuriae
840 473 909 546 fieri,
924 474 973 530 sed
985 491 1018 529 ex
1034 473 1120 530 domi·

108 569 240 618 enorum
260 575 391 634 persona,
412 561 474 634 qnia
493 561 560 634 ipsis
580 557 611 614 flt
630 560 736 616 iniuria.
774 557 877 626 Quodsi
897 558 1070 614 ususfructus
1092 561 1119 614 in

142 659 221 700 servo
237 643 299 700 'riui
314 647 535 720 estproprietas
550 643 644 702 iiaevii
659 651 712 715 est,
728 644 814 718 magis
829 643 932 701 iiaevio
947 644 1046 699 iniuria
1061 641 1121 700 fieri

108 735 124 782 6
142 727 322 803 intellegitur.
361 728 415 786 Sed
434 731 458 786 si
477 727 580 800 libero,
605 729 651 803 qui
673 727 721 806 tihi
743 726 814 785 bona
835 725 889 784 fide
903 729 1005 797 servit,
1021 729 1119 783 iniuria

143 813 211 869 iacta
231 813 283 884 stt,
304 811 378 870 nulla
399 811 447 870 tibi
468 814 538 870 actio
554 811 677 884 dabitur,
698 811 746 869 sed
767 828 817 868 suo
833 814 942 868 nomine
962 813 986 868 is
1002 813 1121 885 experiri
1223 831 1224 868 t

141 899 257 971 poterit:
273 898 325 954 nisi
339 898 367 953 in
381 898 571 954 coutumeliam
587 905 660 954 tuam
674 897 798 971 pulsatus
813 898 862 966 sit,
879 903 945 952 tunc
959 898 1030 952 enim
1045 909 1122 952 com·
1223 893 1224 966 j

142 984 213 1055 petit
227 989 255 1038 et
269 981 318 1038 tibi
333 982 491 1038 iniuriarum
505 983 587 1038 actio.
617 981 688 1038 idem
703 997 770 1056 ergo
786 989 828 1038 est
849 983 919 1038 etin
934 997 1014 1037 servo
1030 980 1122 1038 alieno
1223 1037 1224 1042 ,

142 1065 213 1123 hona
228 1064 282 1122 fide
297 1063 346 1122 tibi
359 1068 504 1138 serviente,
520 1075 552 1122 ut
566 1067 668 1124 totiens
682 1065 840 1122 admittatur
862 1066 1023 1122 iniuriarum
1037 1065 1122 1136 actio,

143 1152 271 1224 quotiens
286 1151 314 1206 in
329 1157 403 1208 tuam
418 1151 609 1208 coutumeliam
623 1152 723 1208 iniuria
743 1151 768 1206 ei
783 1150 853 1206 iacta
867 1151 914 1206 sit.

110 1241 125 1289 't
207 1228 316 1292 ¹Pocna
341 1243 431 1290 autem
457 1237 615 1294 iniuriarum
647 1252 680 1290 er
705 1235 768 1310 iege
794 1233 937 1292 duodecim
966 1233 1143 1290 tabularum.

143 1327 257 1394 propter
272 1317 422 1376 membrum
437 1319 546 1394 quidem
561 1329 672 1394 ruptum
689 1319 751 1376 tatio
767 1327 839 1375 erat:
854 1325 970 1393 propter
985 1313 1039 1373 os²
1054 1333 1122 1374 vero

144 1403 257 1460 tractum
279 1406 442 1460 nummariae
463 1421 568 1479 poenae
587 1412 665 1462 crant
686 1405 850 1460 constitutae
873 1403 951 1476 quasi
971 1403 1000 1458 in
1021 1417 1124 1476 magna

143 1495 265 1544 veterum
285 1496 453 1562 paupertate.
489 1489 537 1546 scd
557 1497 653 1564 postea
672 1495 812 1563 praetores
828 1485 1021 1562 permittebant
1041 1487 1123 1560 ipsis,

144 1574 191 1645 qui
205 1573 330 1630 iniuriam
345 1575 417 1646 passi
431 1583 511 1648 sunt,
527 1591 585 1632 eam
600 1575 757 1651 aestimare,
773 1581 803 1628 ut
818 1572 899 1629 iudex
914 1571 957 1628 vel
971 1572 1038 1628 tanti
1055 1587 1123 1626 con·
1224 1603 1225 1612 κ

143 1657 263 1728 demuet,
279 1659 372 1730 quanti
387 1660 511 1714 iniuriam
522 1677 618 1733 passus
634 1659 825 1729 aestimaverit,
841 1656 884 1712 vei
898 1657 1021 1728 minoris,
1036 1663 1122 1728 prout
1224 1653 1225 1664 ¹

143 1743 168 1796 ei
183 1743 270 1796 visum
286 1741 378 1798 iuerit.
410 1742 458 1798 sed
473 1759 561 1816 poena
577 1743 685 1816 quidem
700 1743 823 1813 iniuriae,
840 1758 910 1815 quae
926 1757 961 1795 en
973 1740 1036 1815 iege
1052 1739 1122 1796 dsue-

142 1823 228 1880 decim
245 1824 396 1880 tabulauum
411 1826 566 1883 introducta
581 1835 639 1897 est,
661 1828 690 1882 iu
710 1826 917 1884 desuetudinem
938 1824 1017 1882 abiit:
1040 1841 1121 1898 quam

143 1915 234 1964 autem
249 1915 388 1983 praetores
403 1911 630 1983 introduxerunt,
652 1927 721 1985 quae
742 1913 821 1966 etiam
843 1911 987 1968 honoraria
1002 1909 1122 1983 appelia-

143 2000 198 2064 tur,
213 1994 241 2049 in
255 1991 360 2050 iudiciis
377 1993 573 2069 frequentatur.
605 2013 665 2052 uam
685 1995 836 2052 secundum
851 1994 964 2069 gradum
979 1993 1121 2068 dignitatis

143 2077 268 2152 vitaeque
289 2077 460 2138 honestatem
481 2082 578 2138 crescit
599 2089 645 2138 aut
665 2081 798 2136 minuitur
820 2077 970 2136 aestimatio
990 2079 1121 2134 iniuriae:

145 2163 192 2236 qui
207 2163 307 2238 gradus
323 2164 556 2222 condemnationis
577 2174 605 2221 et
625 2167 652 2221 in
667 2164 758 2221 servili
778 2179 894 2238 persona
914 2181 970 2220 non
984 2164 1121 2218 immerito

145 2255 278 2318 servatur,
295 2256 325 2304 ut
340 2249 412 2305 aliud
427 2251 454 2305 in
469 2267 549 2306 servo
565 2258 666 2322 actore,
682 2248 755 2304 atiud
770 2249 798 2304 in
813 2248 893 2306 medii
907 2257 983 2304 actus
1000 2247 1121 2317 homine,
1225 2279 1226 2326 3

110 2338 126 2386 8
145 2331 215 2386 atiud
230 2334 258 2386 in
275 2332 404 2390 vilissimo
425 2334 467 2390 vel
490 2334 644 2408 compedito
661 2334 852 2392 constituatur.
884 2331 937 2388 Sed
953 2339 981 2388 ct
996 2331 1041 2386 les
1056 2329 1122 2386 Gor·
1225 2363 1226 2394 2

145 2415 215 2470 neiia
240 2416 274 2470 de
300 2417 405 2472 iniuriis
431 2417 554 2492 loquitur
574 2427 604 2474 et
621 2419 779 2474 iniuriarum
802 2418 936 2474 actionem
957 2413 1119 2472 introduxit.

145 2514 214 2571 quae
236 2501 367 2572 competit
388 2499 422 2556 ob
444 2517 501 2558 eam
522 2519 595 2573 rem,
618 2502 693 2576 quod
713 2518 742 2556 se
763 2502 900 2575 pulsatum
912 2502 981 2574 num
998 2498 1123 2554 verbera·

145 2591 235 2639 tumve
250 2583 394 2640 domumve
409 2601 483 2642 suam
504 2588 531 2642 vi
550 2588 692 2642 introitum
712 2602 773 2642 esse
788 2585 868 2641 dicat.
905 2585 1016 2640 domum
1030 2591 1121 2640 autem

145 2669 306 2743 accipimus,
329 2669 385 2726 sive
405 2670 432 2726 in
447 2672 559 2744 propria
573 2671 655 2726 domo
671 2672 731 2744 quis
750 2669 851 2726 habitat
872 2670 972 2726 sivein
987 2667 1122 2724 conducta

109 2759 126 2808 9
144 2752 187 2808 vel
203 2755 286 2827 gratis
301 2755 358 2809 sive
373 2753 492 2828 hospitio
507 2764 634 2828 receptus
650 2757 695 2810 sit.
727 2745 831 2810 ³Atrou
851 2755 948 2810 iniuria
963 2755 1123 2810 aestimatur

145 2835 188 2890 vel
203 2853 235 2891 er
250 2837 332 2908 iacto,
347 2837 432 2894 veluti
447 2840 470 2894 si
486 2840 545 2912 quis
561 2838 594 2894 ab
609 2839 700 2914 aliquo
712 2838 868 2894 vulneratus
884 2838 969 2894 inerit
985 2837 1027 2892 vel
1043 2837 1123 2892 iusti·

42 2933 55 2949 ·
144 2917 196 2974 bus
211 2936 318 2976 caesus:
334 2921 377 2977 vel
392 2939 425 2978 ex
440 2923 512 2993 loco,
527 2923 612 2978 veiuti
626 2925 650 2980 si
665 2925 709 2979 cui
723 2924 751 2978 iu
765 2923 874 2979 theatro
894 2921 937 2978 ret
957 2923 986 2976 in
1002 2921 1063 2976 ioro
1078 2921 1123 2977 vel

144 3007 172 3060 in
188 3011 336 3076 conspectu
350 3008 484 3078 praetoris
499 3009 597 3062 iniuria
616 3007 686 3063 facta
700 3009 749 3062 sit:
771 3005 813 3062 vel
835 3023 868 3062 er
889 3021 1022 3079 persona,
1038 3005 1123 3061 veluti

145 3089 168 3144 si
183 3089 357 3161 magistratus
372 3089 495 3146 iniuriam
512 3108 607 3165 passus
623 3091 720 3162 fuerit,
742 3090 784 3146 vel
799 3093 822 3146 si
837 3090 956 3146 senatori
979 3088 1011 3144 ab
1027 3087 1123 3144 humili

144 3173 243 3228 iniuria
258 3172 326 3228 iacta
341 3174 387 3244 sit,
402 3182 449 3230 aut
463 3177 569 3248 parenti
584 3185 756 3249 patronoque
777 3173 823 3230 fiat
845 3191 860 3230 a
875 3173 968 3230 tiberis
983 3173 1027 3228 vel
1042 3171 1123 3228 liher-

216 3449 235 3514 1)
318 3455 409 3503 visum
427 3453 512 3503 fuerit
529 3473 563 3494 ε
583 3455 639 3508 Gai.
658 3458 682 3513 3,
702 3457 761 3505 223.
781 3457 832 3506 224
850 3462 908 3505 mut.
978 3453 999 3516 ²)
1019 3453 1042 3502 E
1062 3453 1120 3505 eui.

146 3527 238 3563 ossum
256 3533 290 3580 em
307 3522 366 3570 attic
383 3521 459 3574 codd.
477 3527 526 3571 oet.
546 3521 586 3571 ed.
605 3519 679 3572 Scir.
750 3517 771 3586 θ)
790 3541 823 3564 ==
843 3523 901 3576 (tat,
918 3525 942 3582 3,
961 3523 1012 3572 225
1030 3527 1088 3572 mut.
