2486 3916
90 225 130 261 nn
144 216 345 262 nsucnarourn.
364 223 399 259 nu
416 223 504 259 nonen
523 224 662 260 numesius
683 225 894 266 rossussrosun.
912 212 948 271 11,
967 213 992 264 e.
1027 209 1069 276 51

88 371 132 440 is,
160 369 209 441 qui
223 359 373 442 acceperit,
395 383 544 442 usucapere
558 368 662 441 possit,
684 365 795 424 dubium
809 385 865 424 non
886 376 944 440 est,
965 349 1069 444 quippe

90 470 124 510 ea
138 469 184 508 res
206 453 235 508 in
250 452 317 508 iurti
336 453 431 508 vitium
451 469 509 508 non
532 451 677 523 ceciderit,
704 469 765 508 cum
786 454 880 527 utique
895 454 991 524 lieres,
1021 455 1069 527 qui

89 537 165 594 bona
185 535 240 593 fide
261 546 397 611 tamquam
412 553 488 594 suain
503 536 806 608 alienaverit,·iurtum
830 554 886 596 uon
906 539 1066 595 committit.

90 616 180 679 ¹lteuu
194 623 218 678 si
232 623 272 694 is,
297 621 329 677 ad
355 639 436 696 quem
446 621 564 679 'ancillae
588 619 765 678 ususfructus
789 624 927 696 pertinet,
953 630 1098 696 postumo

90 724 172 764 suum
188 723 249 764 esse
263 706 377 764 credens
391 707 542 764 vendiderit
558 714 604 762 out
619 706 776 778 donaverit,
798 706 902 762 furtum
914 723 973 763 non
989 724 1064 764 corn·

89 795 189 852 mittit:
205 795 309 850 lurtum
324 793 396 850 enim
411 793 471 850 sine
482 791 580 848 aiiectu
594 791 702 848 iurandi
716 807 774 847 non
784 792 971 848 committitur.
996 791 1064 848 Aliis
1083 786 1100 834 6

91 894 204 954 quoque
224 877 312 936 modis
327 878 449 935 accidere
468 884 577 952 potest,
603 883 634 932 ut
661 877 722 950 quis
747 877 807 932 sine
831 877 897 932 vitio
919 875 985 931 iurti
1005 893 1065 932 rem

91 965 205 1021 alienam
221 964 255 1020 ad
269 963 387 1037 aliquem
401 961 547 1019 transierat
562 969 590 1017 et
605 959 720 1034 efficiat,
742 967 772 1016 ut
787 977 801 1016 a
821 975 983 1035 possessore
998 976 1065 1016 usu·

91 1051 222 1124 capiatur.
260 1046 340 1116 Quod
355 1052 445 1104 autern
460 1047 493 1103 ad
508 1063 552 1102 eas
567 1063 626 1118 res,
647 1062 717 1120 quae
731 1045 792 1102 solo
808 1046 1001 1116 conticentur,
1018 1061 1063 1100 er·
1082 1052 1098 1101 'l

90 1134 212 1209 peditius
226 1133 365 1208 procedit:
381 1137 412 1188 ut
426 1133 449 1188 si
466 1133 527 1205 quis
539 1131 593 1187 loci
603 1132 723 1187 vacando
733 1132 937 1206 possessionem
949 1137 1066 1204 propter

91 1219 240 1276 decutiam
255 1227 301 1274 aut
321 1217 520 1292 neglegentiam
536 1215 654 1288 domini,
675 1223 722 1271 aut
737 1217 800 1290 quis
819 1217 879 1272 sine
904 1229 1065 1272 successore

92 1303 258 1376 decesserit,
279 1305 339 1360 siue
359 1304 383 1358 ei
405 1303 584 1359 nanciscatur.
622 1293 689 1374 ²qui
712 1303 832 1374 wamiis
852 1302 912 1373 ipse
926 1299 997 1355 mala
1011 1297 1065 1373 lide

92 1389 227 1464 possidet,
243 1389 306 1462 quia
321 1387 469 1462 intellegit,
484 1401 514 1442 se
529 1385 647 1441 alienum
658 1384 773 1440 fundum
788 1400 946 1458 occupasse,
961 1391 1064 1454 tamen,

95 1476 119 1531 si
135 1473 179 1529 alii
193 1472 261 1530 bona
276 1471 329 1529 lide
350 1472 491 1546 accipienti
511 1469 667 1539 tradiderit,
688 1470 793 1542 poterit
816 1471 841 1525 ei
855 1467 940 1542 longa
954 1483 1065 1541 posses·

93 1562 175 1618 sione
193 1572 237 1615 res
257 1559 379 1632 adquiri,
406 1557 469 1631 quio
492 1569 583 1628 neque
603 1553 733 1609 furtivum
753 1569 843 1628 neque
864 1553 1065 1626 ripossessum

93 1646 213 1720 accepit3
233 1641 332 1700 abolito
347 1649 390 1700 est
404 1642 477 1698 enim
492 1637 662 1714 quorundam
682 1644 806 1694 veterum
820 1639 956 1696 sententia
972 1636 1065 1692 existi·

93 1733 240 1804 muntium,
262 1730 342 1788 etiem
362 1728 439 1785 fundi
459 1723 546 1782 locive
561 1723 664 1780 iurtum
680 1721 755 1796 ficri,
777 1731 805 1780 et
820 1739 931 1794 eorum,
953 1721 1000 1796 qui
1021 1736 1065 1776 res

93 1817 146 1874 soli
165 1817 324 1892 possident,
346 1807 539 1890 principalibus
561 1808 804 1866 constitutionibus
824 1809 1007 1883 prospicitur,
1030 1820 1065 1860 ne

93 1904 137 1960 cui
158 1902 243 1976 longa
263 1908 290 1958 et
310 1899 461 1958 indubitata
481 1897 620 1972 possessio
642 1895 742 1951 auferri
763 1892 868 1951 debent.
913 1889 1065 1966 Aliquando
1083 1897 1104 1946 8.

94 1989 173 2044 etiam
195 1987 294 2042 furtiva
314 1986 356 2042 vel
377 1986 403 2040 vi
421 1999 549 2060 possessa
569 1997 613 2038 res
635 1980 746 2053 usucapi
760 1985 867 2053 potest:
898 1977 982 2033 veluti
997 1977 1021 2030 si
1036 1975 1065 2028 in

94 2072 198 2130 domini
213 2077 375 2145 potestatem
390 2085 498 2126 reversa
512 2068 611 2135 iuerit;
626 2074 693 2122 tnnc
702 2064 784 2135 enim,
800 2064 865 2117 vitio
880 2063 919 2115 rei
934 2065 1071 2134 purgato,¹

93 2157 220 2232 procedit
235 2157 293 2212 eius
315 2156 454 2230 usucapio.
491 2151 544 2208 lies
565 2149 623 2206 fisci
643 2149 731 2204 nostri
752 2147 864 2218 usucapi
884 2160 940 2200 non
961 2147 1064 2215 potest.
1082 2150 1113 2197 tn

95 2243 144 2300 sed
164 2241 325 2315 Papinianus
346 2240 468 2314 scripsit,
488 2236 568 2293 bouis
589 2229 744 2290 vacantibus
765 2229 832 2286 lisco
853 2227 976 2284 nondum
998 2240 1067 2280 nuu-

95 2329 185 2398 tiatis,
199 2326 272 2382 bona
286 2323 340 2382 iide
355 2331 506 2399 emptorem
520 2319 571 2378 sibi
586 2319 712 2376 traditam
731 2331 834 2372 remex
848 2314 891 2370 his
906 2310 986 2368 bonis
1001 2325 1067 2364 usu-

95 2423 193 2487 capere
207 2424 304 2485 poese:
335 2418 363 2467 et
377 2411 415 2466 ita
429 2409 507 2465 divus
522 2407 585 2463 Pius
601 2413 629 2461 et
645 2395 717 2460 diui³
737 2401 853 2458 Severus
868 2406 896 2455 et
911 2396 1066 2454 Antoninus

93 2497 305 2569 rescripserunt.
342 2493 494 2551 Novissime
513 2491 653 2548 senodum
675 2495 734 2562 est,
755 2505 813 2545 rem
833 2485 916 2544 talem
938 2497 999 2539 esse
1021 2479 1068 2534 de·
1087 2488 1131 2538 10)
1229 2551 1230 2560 ἵ

93 2581 177 2654 bere,
193 2581 266 2635 utin
281 2595 311 2636 se
325 2597 382 2636 non
397 2578 493 2635 halieat
507 2577 617 2648 vitium,
632 2583 664 2631 ut
679 2592 694 2630 a
708 2574 780 2631 bona
794 2572 848 2629 tide
863 2571 986 2644 emptore
1002 2580 1070 2620 usu·-

95 2667 154 2740 capi
169 2665 259 2739 possit
273 2665 316 2720 vel
332 2665 379 2739 qui
394 2680 427 2720 eu
442 2662 493 2719 alia
507 2663 579 2718 iusta
593 2671 673 2716 ceusu
687 2659 820 2734 possidet.

158 2749 244 2805 Error
259 2757 348 2806 antem
364 2747 445 2804 iaisee
466 2758 563 2804 oausue
584 2746 776 2820 usucapionem
793 2753 853 2802 *non
868 2745 948 2819 pa'rit.
964 2795 966 2800 .
984 2743 1071 2803 veluti
1091 2745 1122 2801 11
1229 2777 1230 2782 κ

95 2838 118 2891 si
134 2835 212 2909 quis,
228 2850 289 2890 cum
304 2851 360 2890 non
376 2834 489 2905 emerit,
511 2833 609 2888 emisse
625 2847 655 2886 se
670 2831 827 2886 existimans
842 2829 995 2904 possideat:
1026 2832 1070 2888 vel

95 2937 157 2976 cum
174 2920 198 2974 ei
214 2917 344 2974 donatum
359 2934 416 2974 non
431 2917 536 2988 iuerat,
552 2917 629 2990 quasi
644 2931 677 2970 er
692 2914 838 2972 donatione
852 2915 1001 2990 possideat.

159 3003 268 3059 lliutina
286 3003 443 3078 possessio,
474 3017 544 3075 quae
562 2997 696 3076 prodesse
717 3008 845 3075 coeperat
865 2999 1013 3073 defuncto,
1042 3009 1070 3058 et
1088 3007 1119 3056 12

94 3087 190 3146 heredi
212 3087 395 3144 othonorum
417 3087 574 3160 possessori
598 3085 790 3157 continuatur,
811 3085 875 3142 licet
896 3087 955 3161 ipsc
989 3088 1068 3156 sciat,

94 3172 237 3248 praedium
251 3172 384 3228 alienum:
406 3170 505 3245 quodsi
518 3169 565 3226 ille
580 3171 688 3225 initium
703 3170 804 3226 iustum
819 3187 876 3227 non
891 3169 1003 3241 hahuit,
1021 3170 1068 3225 lic·

165 3386 186 3453 ¹)
202 3390 245 3451 §5-
265 3389 289 3440 t.
308 3391 324 3440 'e
340 3402 376 3430 e·
395 3388 452 3438 eat.
469 3381 495 3445 i,
514 3388 557 3436 60.
638 3384 659 3448 ¹)
678 3386 725 3450 qui
808 3385 912 3436 inmuni
929 3383 990 3433 ficri
1006 3383 1066 3446 sere

95 3479 129 3499 ==
147 3459 179 3508 L.
201 3459 243 3510 38.
261 3454 295 3507 d).
323 3458 355 3507 de
381 3468 469 3520 emp.
496 3453 552 3518 (41,
571 3453 598 3516 3>
624 3469 660 3504 eac
687 3453 745 3503 uati
762 3455 780 3503 l.
797 3455 814 3502 i
830 3467 885 3502 rer.
904 3459 973 3516 quot.
1044 3448 1065 3513 8)

98 3525 212 3592 Theopl.
232 3527 307 3581 codd.
325 3524 403 3588 inser.
422 3523 502 3574 divus
520 3523 595 3574 codd.
614 3527 662 3571 vet.
681 3521 722 3570 ed.
741 3519 792 3571 Kr.

865 3599 912 3659 4*
