2464 3916
235 240 271 275 na
291 241 501 278 sustentatoriae
514 241 698 278 cinnamonum
716 226 768 290 111,
788 228 803 277 8
822 225 867 291 (9).
981 219 1042 290 119

78 399 149 439 sores
165 377 329 439 detinebant.
372 392 468 457 postca
489 401 553 440 vero
574 382 813 462 senatusconsulto
829 382 963 458 bargiano
979 401 1041 441 cau·

78 477 129 522 tom
144 467 248 540 lucrat,
264 476 295 524 ut
309 467 387 524 liberi
403 469 620 540 manumissoris,
643 485 699 524 non
713 469 869 523 nominatim
886 469 1041 526 exheredati

77 553 148 624 lacti,
175 555 310 610 extraneis
335 553 480 610 heredibus
503 569 598 610 eorum
619 555 646 608 in
661 551 740 608 bouis
756 551 911 608 Latinorum
926 569 1041 628 praepo·

76 633 211 692 narentur.
252 636 349 711 quibus
365 640 522 712 supervenit
538 639 616 694 etiarn
633 637 686 694 divi
701 636 807 692 Traiani
822 636 950 710 edictum,
967 638 1040 712 quod
1143 673 1147 682 ·

77 721 185 777 eundem
203 722 353 793 hominem,
375 724 398 777 si
412 724 497 778 invito
513 723 554 777 vel
569 724 713 796 ignorante
728 729 845 794 patrono
860 721 892 776 ad
908 723 1040 778 civitatem

75 806 161 861 venire
178 822 211 861 cx
226 804 357 862 beneficio
377 808 505 881 principis
528 807 680 878 festinavit,
702 804 814 860 faciebat
829 807 916 860 vivum
933 805 1040 881 quidem

75 891 152 945 civem
168 888 333 962 Romanurn,
349 889 473 946 Latinum
493 900 581 948 autern
597 881 772 946 morientem
805 889 853 946 sed
868 898 961 946 nostra
977 907 1041 946 con-

75 967 234 1030 stitutione¹
250 983 365 1049 propter
380 976 534 1032 huiusmodi
549 975 738 1032 condicionum
759 975 831 1032 vices
848 983 875 1030 et
890 974 954 1030 alias
970 973 1041 1030 diiii-

76 1059 186 1114 rultates
209 1076 270 1116 cum
291 1061 356 1134 ipsis
376 1059 477 1116 latinis
493 1062 573 1130 etiarn
588 1059 678 1134 legem
699 1059 799 1114 lunium
824 1067 851 1114 et
866 1067 1041 1116 senatuscon-

75 1143 172 1198 sultum
188 1143 349 1218 Largianum
366 1153 394 1200 et
409 1145 526 1201 edictum
542 1145 596 1200 divi
611 1145 716 1199 'lraiani
737 1144 763 1198 iu
779 1151 940 1218 perpetuum
957 1144 1041 1200 deleri

76 1230 240 1301 censuimus,
264 1237 293 1284 ut
309 1245 402 1285 omnes
423 1228 512 1285 liberti
528 1231 636 1286 civitate
651 1227 769 1284 Romana
785 1227 926 1300 fruantur,
950 1237 977 1286 et
993 1229 1041 1284 mi-

76 1311 145 1368 rabili
160 1313 242 1368 modo
259 1311 418 1387 quibusdam
434 1313 627 1370 adiectionibus
643 1315 714 1386 ipsas
730 1314 799 1386 vias,
816 1329 884 1386 quac
899 1315 926 1368 in
941 1311 1042 1368 Latini-

75 1405 153 1452 tatem
183 1396 337 1471 ducebant,
371 1398 404 1454 ad
434 1400 566 1454 civitatem
596 1397 741 1452 Romanam
771 1396 924 1470 capiendam
955 1406 1042 1453 trans·

74 1497 220 1553 posuimus.

455 1679 511 1719 rvr.
525 1677 584 1748 vm
598 1679 656 1726 (rx).

249 1783 299 1832 DE
318 1781 593 1834 ADSIGNATIONE
611 1779 863 1832 LIBERTORUM.

133 1905 162 1960 ln
184 1921 303 1977 summa,
325 1904 397 1980 quod
419 1905 451 1960 ad
471 1904 541 1960 bona
557 1903 732 1974 libertorum,
753 1903 912 1960 admonendi
934 1919 1038 1976 sumuS,
1056 1903 1091 1943 rr.

74 1999 193 2046 sonatum
209 1991 363 2062 censuisse,
385 1998 415 2045 ut
436 1990 555 2063 quamvis
577 1989 608 2043 ad
631 2004 725 2044 omncs
739 1989 847 2061 patroni
863 1987 978 2058 liberos,
995 1989 1042 2061 qui

74 2075 191 2130 eiusdem
217 2073 317 2150 gradus
338 2076 409 2145 sint,
436 2073 584 2146 aequaliter
608 2071 679 2127 bona
704 2071 864 2128 libertorum
878 2072 1041 2144 pertineant,

76 2167 161 2214 tamen
176 2152 292 2216 liceret²
317 2160 423 2233 parenti
443 2159 490 2214 uni
511 2174 544 2212 ex
564 2155 656 2211 liberis
677 2154 819 2228 adsignare
840 2153 984 2224 libertum,
1011 2163 1043 2210 ut

74 2252 135 2315 post
150 2252 265 2300 mortem
280 2245 338 2299 eius
358 2243 434 2299 solus
454 2245 476 2298 is
497 2250 627 2316 patronus
649 2238 795 2310 habeatur,
817 2240 861 2312 qui
883 2237 1040 2312 adsignatus

76 2336 131 2400 est,
146 2336 172 2384 et
187 2329 272 2384 ceteri
287 2327 379 2399 liberi,
396 2329 442 2401 qul
457 2328 508 2400 ipsi
525 2341 634 2400 quoque
650 2324 681 2379 ad
698 2323 790 2379 eadem
805 2323 892 2394 bona,
908 2322 981 2380 nulla
996 2322 1041 2378 ad·

15 2445 16 2448 =
75 2413 225 2486 signatione
244 2414 456 2484 interveniente,
477 2412 579 2485 pariter
599 2409 822 2479 admitterentur,
843 2407 910 2464 nibil
930 2409 997 2464 iuris
1013 2409 1040 2462 in

75 2495 116 2551 lais
131 2493 206 2553 bonis
222 2496 345 2554 habeant.
384 2497 483 2553 sedita
499 2495 605 2551 demum
627 2495 772 2568 pristinum
791 2494 833 2548 ius
849 2493 996 2565 recipiunt,
1018 2493 1041 2547 si

75 2581 114 2652 is,
130 2583 169 2637 cui
184 2581 342 2656 adsignatus
358 2592 415 2654 est,
437 2581 600 2650 decesserit,
622 2578 703 2634 nullis
724 2577 815 2632 liberis
837 2577 948 2633 relictis.
986 2576 1042 2632 Nec
1060 2580 1072 2627 1

76 2673 175 2721 tantum
191 2666 328 2736 libertum,
344 2666 392 2721 sed
408 2668 487 2722 etiam
503 2663 636 2734 libertam,
652 2672 680 2718 et
694 2679 749 2718 non
765 2670 870 2718 tautum
886 2659 941 2716 filio
957 2675 1039 2733 nepo·

77 2750 142 2822 tivo,
156 2750 204 2806 sed
219 2751 299 2806 etiam
315 2749 384 2806 filiae
400 2752 508 2824 neptive
524 2747 666 2822 adsignare
682 2747 858 2820 permittitur.
896 2743 978 2798 Datur
994 2759 1040 2797 au·
1059 2747 1074 2794 2

77 2841 129 2888 tem
143 2836 207 2892 haec
229 2834 386 2909 adsignandi
406 2834 519 2890 facultas
535 2835 575 2904 ei,
597 2834 642 2906 qui
663 2831 733 2887 duos
753 2830 879 2904 pluresve
899 2826 998 2884 liberos
1013 2827 1042 2882 in

77 2925 207 2990 potestate
221 2918 344 2991 habebit,
366 2927 396 2974 ut
412 2921 466 2990 eis,
488 2934 557 2992 quos
577 2918 605 2972 in
626 2922 762 2989 potestate
784 2913 878 2985 babet,
900 2911 1042 2987 adsignare

79 3001 102 3055 ei
114 3002 237 3060 libertum
253 3002 409 3076 libertamve
424 3003 512 3059 liceat.
550 3000 621 3056 unde
637 2997 833 3073 quaerebatur,
856 2999 879 3053 si
900 3013 977 3068 eum,
999 2995 1042 3052 cui

79 3083 269 3162 adsignaverit,
285 3096 380 3162 postea
395 3087 615 3161 emancipaverit,
636 3101 701 3139 num
717 3090 857 3138 evanescat
872 3079 1041 3156 adsignatio?

79 3170 122 3226 sed
135 3173 245 3246 placuit,
261 3189 432 3244 evanescere,
448 3171 521 3245 quod
533 3169 670 3226 etluliano
687 3175 714 3223 et
729 3167 787 3222 aliis
803 3167 940 3241 plerisque
955 3166 1041 3220 visum

80 3264 125 3310 est.
161 3258 215 3314 Nec
239 3258 371 3330 interest,
395 3263 558 3312 testamento
586 3255 645 3327 quis
672 3251 797 3326 adsignet
822 3268 855 3306 an
880 3251 938 3305 sine
961 3255 1076 3304 testa-3

80 3383 274 3397 *Q*

142 3453 160 3522 ¹)
181 3457 212 3506 t.
232 3473 272 3506 un.
293 3457 322 3506 0.
340 3458 372 3505 de
390 3457 451 3506 Lot.
470 3454 553 3504 libert.
573 3455 627 3503 toll.
648 3452 681 3515 (7,
701 3449 737 3512 6).
817 3447 1041 3511 betarumque

80 3523 148 3576 codd.
165 3525 242 3588 infer.
261 3525 304 3574 ed.
322 3524 373 3576 Kr,
393 3524 476 3572 licere
496 3521 520 3570 B
539 3523 579 3572 ed.
599 3520 673 3570 Sebr.
