2486 3916
136 167 163 216 X
542 177 712 216 ascensuro.

136 321 230 360 cessor
245 303 318 358 brevi
332 311 397 378 post
416 303 449 358 ad
465 303 588 360 Codicem
611 301 807 360 emendandum
828 303 962 363 adbibitus
983 305 1100 378 legatur.

138 387 190 444 Sed
206 387 293 444 adhuc
309 395 414 445 tantum
434 389 468 444 da
488 387 601 444 diversis
624 391 767 464 utriusque
788 390 874 462 partis
897 389 1101 448 Institutionum

138 471 295 528 auctoribus
311 473 494 546 disputamus,
511 490 590 548 quam
606 475 634 530 in
649 487 705 533 rem
727 490 794 547 quae
811 480 915 530 restant
942 482 1103 550 argumenta

137 556 271 612 atterenda
286 565 360 612 sunt.
917 625 922 638 ,

200 641 361 716 Saepissime
376 642 484 716 quidem
498 644 525 698 in
539 651 653 716 utraque
666 644 754 717 operis
767 651 844 716 parte
856 641 944 700 lector
956 642 1102 699 eorumad-

136 735 272 797 monetur,
290 743 357 800 quae
369 727 431 784 aiibi
443 727 572 784 iamdicta
584 727 744 783 veldicanda
755 729 820 800 sint,
837 727 910 782 velut
925 729 952 784 in
966 727 1101 801 prioribus

136 809 212 866 libris
228 809 308 882 1,22,
318 812 345 868 6.
363 811 395 884 ΙΙ,
413 813 587 886 l,pr.10,6.
604 813 653 882 13,
662 810 708 868 fin.
724 811 907 885 16,9.17‚4.
924 813 952 868 in
967 813 1103 885 posterio-

136 895 210 952 ribus
226 895 269 968 111,
287 895 560 970 6‚11.9‚pr.27,a.
579 896 629 966 28,
646 895 691 952 fin.
707 897 751 968 IV,
776 897 803 968 1,
824 914 866 972 pr.
886 896 935 969 13,
958 896 986 952 2.
1005 895 1055 968 15,
1072 897 1099 953 6.

128 973 188 1051 ’17,
205 979 234 1035 4.
251 980 300 1036 sed
316 980 381 1036 haec
397 982 485 1036 omnia
502 989 605 1038 tanturn
626 989 750 1054 spectant
769 983 798 1036 in
819 982 860 1037 his
881 982 948 1056 ipsis
964 980 1100 1055 prioribus

136 1072 164 1120 et
179 1067 207 1122 itt
222 1065 263 1120 his
279 1065 344 1138 ipsis
359 1064 560 1138 posterioribus
580 1064 655 1122 libris
672 1065 741 1120 dicta
756 1065 798 1122 vel
814 1064 939 1135 dicenda,
963 1066 1041 1138 quasi
1055 1066 1101 1138 qui

140 1163 273 1222 quamque
288 1157 392 1222 partem
408 1157 601 1223 componeret,
617 1167 677 1205 cnm
694 1149 757 1222 quid
774 1149 842 1206 alter
857 1149 884 1203 in
899 1166 948 1204 sun
963 1151 1101 1222 provincia

136 1233 256 1288 secturus
273 1235 324 1303 sit,
352 1235 422 1290 scire
441 1251 498 1290 non
518 1241 628 1308 posset,
655 1235 734 1289 etiam
755 1233 884 1290 lectorem
907 1250 939 1289 eo
961 1235 1100 1290 remittere

134 1317 305 1374 dubitaverit.
323 1317 449 1379 Ceterum
465 1335 534 1392 quae
549 1319 592 1389 111,
610 1320 638 1391 1,
651 1317 678 1373 2.
694 1317 723 1388 2,
741 1319 768 1374 1.
782 1317 824 1390 lv,
842 1318 872 1389 8,
889 1317 917 1374 5.
937 1317 986 1389 10,
1003 1319 1030 1373 2.
1051 1317 1100 1387 15,

138 1402 166 1458 5.
183 1404 359 1460 inveniuntur
374 1403 406 1458 ad
422 1404 527 1477 priores
543 1403 644 1474 libros,
666 1410 693 1458 et
708 1401 740 1472 ΙΙ,
756 1403 786 1472 5,
803 1403 831 1460 6.
849 1403 945 1476 partim
961 1401 993 1456 ad
1009 1409 1101 1476 poste·

135 1489 221 1544 riores
236 1489 405 1560 pertinentes
427 1489 580 1546 mentiones
601 1489 660 1544 iure
681 1487 745 1542 mihi
766 1487 859 1543 videor
878 1503 934 1542 non
949 1503 1100 1554 numerare,

135 1572 198 1644 quia
213 1571 245 1627 ad
261 1580 339 1630 vetus
354 1574 396 1628 ius
413 1573 453 1628 vel
469 1589 527 1628 rem
547 1574 574 1628 in
595 1571 679 1628 altera
693 1580 771 1644 parte
786 1573 844 1628 sine
860 1572 938 1630 omni
948 1571 1030 1627 dubio
1047 1580 1101 1626 tra·

135 1663 232 1710 atatam
252 1656 294 1710 vel
317 1656 483 1712 tractandam
503 1659 641 1730 pertinent
667 1663 695 1710 et
715 1655 860 1729 pleraeque
881 1656 962 1712 etiam
983 1664 1013 1712 ut
1035 1655 1101 1712 aliae

135 1738 265 1812 quaedam
287 1747 389 1796 tantum
411 1756 443 1796 ex
465 1739 528 1794 Gaio
552 1741 729 1814 transcriptae
749 1747 822 1796 sunt.
864 1738 964 1800 Contra
984 1748 1102 1815 augetur

134 1823 215 1880 huius
231 1825 385 1896 argumenti
409 1825 448 1885 vis
464 1841 513 1895 eo,
541 1824 614 1898 quod
641 1840 772 1898 persaepe
794 1824 886 1880 eadem
908 1841 951 1880 res
974 1826 1002 1880 in
1017 1825 1101 1884 altera

134 1915 210 1982 parte
225 1909 386 1980 exponitur,
407 1908 482 1964 nulla
496 1911 633 1964 mentione
648 1907 753 1980 habita,
775 1909 886 1966 eandem
901 1910 928 1966 in
943 1912 1034 1984 priore
1049 1911 1101 1972 iam

134 1993 289 2065 expositam
300 2009 369 2048 esse.
401 1991 437 2048 lie
452 1993 618 2050 naturalibus
634 1991 727 2050 liberis
739 2010 787 2067 per
798 1995 889 2050 curiae
904 1994 1042 2056 dationem
1058 1995 1099 2050 vel

135 2093 183 2148 per
199 2076 367 2150 subsequens
384 2079 582 2134 matrimonium
603 2095 635 2134 en
651 2077 680 2132 L.
700 2078 748 2136 10.
769 2080 816 2134 11.
835 2079 863 2134 0.
886 2078 920 2134 de
940 2088 1029 2136 natur.
1053 2077 1097 2134 lib.

134 2161 175 2231 (5,
193 2160 243 2233 27)
259 2161 414 2236 legitimatis
430 2163 521 2236 agitur
538 2163 556 2234 Ι,
574 2164 624 2234 10,
637 2161 684 2219 13.
702 2171 729 2218 et
743 2179 840 2221 rursus
856 2163 899 2235 ΙΙΙ,
918 2165 946 2236 1,
963 2164 1005 2220 2².
1024 2173 1099 2219 utro·

134 2243 216 2318 bique
237 2253 291 2302 tam
310 2247 439 2318 plene'et
461 2253 550 2304 tamen
565 2255 619 2302 tarn
635 2246 754 2317 diverse,
777 2255 807 2302 ut
829 2256 946 2322 uterquc
967 2249 1043 2324 locus
1066 2247 1098 2302 ab

134 2330 229 2386 eodem
246 2331 377 2404 scriptore
398 2332 450 2385 nisi
476 2333 518 2386 sui
542 2331 626 2386 oblito
648 2329 788 2404 proiectus
810 2349 870 2387 esse
892 2349 947 2388 non
968 2334 1056 2406 possit
1072 2339 1099 2386 et

132 2421 269 2486 appareat,
281 2413 396 2470 alterum
407 2414 507 2485 locum,
520 2416 678 2488 praesertim
692 2432 752 2472 cum
763 2417 896 2490 prolixior
908 2419 953 2488 sit,
968 2419 1099 2492 scriptum

134 2514 195 2553 esse
208 2499 307 2571 prioris
323 2498 443 2554 nondum
465 2497 556 2554 habito
572 2505 708 2573 respectu.
739 2499 812 2556 idem
828 2501 885 2558 sere
901 2501 1044 2558 dicendum
1058 2509 1099 2557 ost

134 2581 167 2638 de
182 2581 213 2637 L.
231 2581 316 2642 100.
334 2582 367 2640 de
382 2583 474 2656 adopt.
492 2581 533 2655 (7,
549 2582 600 2655 47)
617 2591 644 2640 et
659 2584 685 2654 Ι,
704 2584 758 2657 11,
775 2585 803 2640 2.
821 2594 848 2642 et
862 2585 906 2656 ΙΙΙ,
924 2587 952 2656 1,
970 2585 1019 2646 14,
1035 2586 1099 2642 aile-

135 2667 257 2739 gataita,
275 2674 305 2724 ut
320 2666 404 2722 aitera
418 2668 520 2724 mentio
536 2670 687 2726 accuratior
702 2670 738 2724 sit
748 2671 839 2742 priore
854 2687 944 2744 neque
959 2671 1025 2728 hacc
1040 2670 1098 2726 uilo

134 2750 216 2808 verbo
232 2753 401 2825 respiciatur.
434 2751 561 2808 Similiter
581 2754 608 2808 in
624 2751 719 2810 iisdem
735 2755 977 2810 constitutionibus

285 2870 328 2940 ΙΙΙ,
346 2869 374 2942 9,
391 2887 432 2944 pr.
451 2887 506 2926 non
521 2872 667 2946 respicitur
681 2872 714 2942 ΙΙ,
728 2871 778 2943 20,
792 2873 841 2930 at.
860 2873 909 2930 28.
920 2871 946 2945 ²⁸)

285 2954 328 3025 ΙΙΙ,
345 2955 374 3025 9,
391 2954 409 3010 5
413 2997 638 3014 .....
683 2957 704 3027 Ι,
722 2957 772 3029 12,
789 2959 817 3014 6.

285 3037 329 3109 111,
346 3038 396 3111 27,
413 3039 473 3096 7..
521 3084 527 3096 .
574 3085 580 3098 .
627 3083 634 3100 .
676 3041 710 3114 11,
727 3041 823 3114 20,-2.

183 3147 185 3154 ·
283 3122 326 3192 ΙΙΙ,
343 3123 393 3194 28,
410 3142 450 3197 pr.
519 3167 525 3181 .
573 3169 579 3182 .
626 3169 632 3182 .
678 3126 801 3200 11,1,1.

200 3371 224 3440 *Ι
244 3373 303 3424 Hic.
316 3374 401 3424 etiem
418 3378 475 3424 iam
494 3374 602 3428 diverse
622 3377 719 3428 eadem
737 3393 781 3428 rea
799 3379 926 3440 traditur,
946 3384 977 3428 ut
994 3393 1092 3444 purum

135 3441 220 3504 absit,
240 3442 304 3508 quin
324 3441 395 3492 alter
413 3442 492 3494 locus
512 3443 594 3494 alteri
614 3445 796 3498 contradicat.
