2484 3916
185 185 225 248 12
306 202 342 236 nu
362 200 422 250 urs,
442 201 492 243 our
512 197 558 234 sur
577 200 631 236 vsu
650 197 752 234 sursur
771 197 850 233 rums
871 197 942 234 surr
960 183 982 244 I,
1002 182 1027 232 8.

184 351 268 400 totam
283 359 359 398 suam
375 342 500 398 familiam
515 340 639 397 libertate
654 339 770 410 donare,
792 340 845 395 nisi
860 339 912 394 alia
926 355 1006 394 causa
1021 337 1157 411 impediat

183 427 311 498 libertati,
326 425 505 484 morientibus
519 433 609 481 autem
626 424 781 481 huiusmodi
797 423 931 480 licentiam
949 422 1073 478 adimere.

602 639 658 679 alu.
672 638 736 678 vm.

279 725 329 776 DE
348 725 420 791 HIS,
440 727 506 789 QUI
525 725 585 776 SUI
601 725 674 776 VEL
693 721 821 776 ALIENI
838 723 936 776 Iustis
955 723 1058 777 SUNT,

132 875 167 915 p„
211 901 213 906 .
252 841 401 922 ¹Sequitur
416 848 450 904 de
465 850 528 904 'iure
542 863 720 921 personarum
736 845 786 902 alia
802 847 907 902 divisio.
945 863 1005 902 nam
1022 846 1159 920 quaedam

184 949 317 1008 personae
338 935 380 988 sui
401 934 467 988 iuris
483 939 564 1002 sunt,
586 931 715 1005 quaedam
736 931 824 986 alieno
844 932 896 986 iuri
920 929 1056 986 subiectae
1071 941 1158 986 sunt:

183 1035 279 1073 rursus
301 1033 412 1088 earum,
439 1033 508 1090 quae
529 1016 616 1072 alieno
639 1017 692 1071 iuri
707 1014 843 1071 subiectae
858 1022 938 1085 sunt,
966 1014 1031 1070 aliae
1051 1017 1079 1070 iu
1101 1032 1156 1088 po-

183 1109 283 1157 testate
297 1109 457 1174 parentum,
480 1101 545 1156 aliae
566 1103 594 1156 in
613 1107 750 1174 potestate
771 1099 944 1156 dominorum
958 1107 1032 1156 sunt.
1063 1099 1159 1154 videa-

184 1203 244 1242 mus
264 1187 356 1259 itaque
378 1185 411 1241 de
433 1186 491 1256 bis,
514 1201 583 1259 quae
604 1185 693 1240 alieno
716 1187 768 1240 iuri
788 1183 926 1240 subiectae
947 1191 1025 1240 suut:
1052 1187 1159 1240 namsi

184 1271 408 1344 cognoverimus,
429 1287 499 1344 quae
520 1272 587 1326 istae
602 1285 734 1343 personae
755 1271 826 1340 sint,
849 1269 929 1324 simul
950 1269 1157 1343 intellegemus,

185 1371 253 1428 quae
279 1356 321 1410 sui
344 1356 410 1410 iuris
432 1363 506 1410 sunt.
539 1371 569 1410 ac
591 1355 666 1427 prius
688 1352 858 1428 dispiciamus
875 1353 908 1409 de
925 1354 982 1425 his,
1000 1354 1087 1426 quiin
1103 1370 1157 1427 po·

184 1446 282 1495 testate
297 1439 470 1496 dominorum
485 1447 559 1495 sunt.

150 1537 163 1582 1
246 1523 276 1579 lu
290 1531 427 1598 potestate
451 1525 543 1598 itaque
559 1523 731 1579 dominorum
747 1530 811 1578 sunt
831 1523 911 1577 servi.
946 1539 1014 1596 quae
1041 1521 1156 1596 quidem

183 1615 307 1681 potestas
322 1609 387 1664 iuris
404 1610 527 1682 gentium
542 1615 598 1663 est:
625 1623 687 1662 nam
702 1607 773 1680 apud
793 1623 887 1662 ornnes
902 1623 1037 1680 peraeque
1053 1615 1156 1681 gentes

184 1691 395 1748 animadvertere
409 1709 574 1765 possumus,
590 1691 706 1746 dominis
721 1693 749 1747 in
765 1707 857 1746 servos
874 1693 943 1747 vitae
958 1693 1087 1765 necisque
1102 1710 1156 1766 po-

183 1783 309 1830 testatem
325 1791 400 1846 esse,
422 1785 450 1832 et
466 1775 657 1848 quodcumque
677 1791 726 1848 per
746 1791 852 1830 servum
869 1776 1035 1849 adquiritur,
1055 1775 1081 1830 id
1103 1777 1156 1832 do·

150 1877 165 1924 2
184 1861 256 1914 mino
273 1859 434 1932 adquiritur.
473 1859 527 1915 Sed
543 1860 596 1914 boc
612 1867 734 1932 ternpore
748 1859 830 1915 nullis
847 1859 1016 1931 bominibus,
1038 1862 1084 1934 qui
1100 1861 1155 1916 sub

183 1944 297 2018 imperio
313 1952 409 2001 nostro
426 1951 507 2015 sunt,
529 1943 593 1999 licet
608 1945 666 1998 sine
682 1960 761 2000 causa
777 1943 883 2018 legibus
900 1946 1010 2018 cognita
1026 1953 1054 2000 et
1068 1962 1155 2020 supra

183 2028 294 2084 modum
309 2031 336 2086 in
352 2045 445 2086 servos
461 2045 527 2085 suos
543 2029 653 2084 saevire.
692 2045 751 2084 nam
773 2045 805 2084 ex
826 2029 1024 2084 constitutione
1044 2029 1098 2086 divi
1113 2031 1155 2087 Pii

184 2115 314 2170 Antonini
341 2115 387 2187 qui
408 2116 467 2170 sine
487 2129 567 2170 causa
587 2129 695 2169 servum
715 2129 794 2168 suum
816 2113 959 2184 occiderit,
984 2131 1039 2170 uon
1061 2117 1153 2172 miuus

183 2200 274 2271 puniri
293 2198 418 2270 iubetur,
446 2215 525 2272 quam
546 2200 593 2271 qui
612 2213 720 2253 servum
742 2197 858 2253 alienum
879 2197 1017 2254 occiderit.
1053 2200 1102 2254 sed
1123 2209 1154 2256 et

183 2284 268 2337 maior
293 2285 423 2355 asperitas
449 2283 622 2338 dominorum
647 2280 768 2337 eiusdem
799 2283 928 2355 principis
954 2284 1154 2341 constitutione

182 2373 333 2422 coercetur.
361 2383 436 2434 ⁴nam
463 2365 605 2422 consultus
626 2381 640 2420 a
667 2363 825 2438 quibusdam
847 2366 1014 2439 praesidibus
1040 2371 1154 2441 provin-

182 2451 283 2505 ciarum
298 2449 331 2505 de
347 2451 388 2506 his
404 2451 503 2521 servis,
519 2451 565 2522 qui
582 2449 614 2504 ad
630 2449 722 2504 aedem
737 2466 838 2506 sacram
853 2451 896 2507 vel
911 2451 944 2506 ad
959 2459 1062 2508 statuas
1077 2455 1155 2527 prin·

183 2535 273 2607 cipum
289 2535 472 2610 confugiunt,
487 2535 639 2608 praecepit,
656 2541 686 2588 ut
701 2535 723 2588 si
739 2534 916 2591 intolerabilis
928 2535 1049 2592 rideatur
1064 2537 1154 2594 domi·

182 2635 280 2674 uorum
296 2621 421 2690 saevitia,
442 2627 576 2692 cogantur
597 2633 690 2673 servos
702 2617 780 2674 bonis
796 2619 1001 2677 condicionibus
1021 2621 1153 2695 vendere,

184 2713 213 2759 ut
228 2706 345 2779 pretium
362 2704 477 2760 dominis
493 2703 615 2759 daretur:
638 2711 665 2758 et
679 2711 773 2772 recte;
797 2704 906 2780 expedit
920 2707 991 2762 enim
1006 2707 1046 2762 rei
1060 2706 1153 2780 publi·

182 2805 245 2860 cae,
266 2807 301 2844 ne
317 2791 377 2863 quis
399 2805 428 2844 re
444 2805 493 2843 sua
507 2787 575 2844 male
595 2794 697 2843 utatur.
737 2781 836 2844 ²cuius
855 2791 981 2864 rescripti
995 2791 1028 2846 ad
1044 2792 1153 2847 delium

182 2871 342 2929 Marcianum
364 2874 454 2930 emissi
474 2871 553 2928 verba
574 2873 640 2928 haec
661 2881 739 2928 sunt:
769 2871 954 2930 ‘Dominorum
977 2875 1085 2948 quidem
1100 2894 1153 2950 po-

182 2953 322 3013 ‘testatem
337 2960 365 3014 in
380 2974 445 3013 suos
460 2973 553 3012 servos
567 2955 695 3012 illibatam
710 2973 770 3013 esse
782 2965 892 3032 oportet
903 2975 954 3016 nec
964 2962 1089 3035 cuiquam
1100 2963 1152 3017 ho-

182 3042 296 3096 ‘minum
310 3043 352 3098 ius
367 3058 447 3098 suum
462 3041 575 3097 detrahi.
592 3041 640 3096 sed
653 3041 824 3098 dominorum
836 3044 960 3115 interest,
976 3061 1010 3100 ne
1021 3045 1152 3100 auxilium

183 3123 290 3182 ‘contra
305 3127 441 3182 saevitiam
456 3126 497 3182 vel
514 3126 611 3181 samem
627 3125 669 3180 vel
683 3125 879 3183 intolerabilem
894 3129 1016 3184 iniuriam
1031 3128 1154 3204 denege-

180 3259 382 3266 ——--———.-

250 3340 269 3406 ¹)
288 3342 334 3396 Pr.
353 3345 376 3404 §-
397 3344 410 3392 1
430 3349 455 3392 et
472 3357 537 3406 pars
560 3342 617 3403 §.¹2
638 3344 697 3404 fere
714 3365 747 3384 =
767 3342 823 3392 dat.
844 3345 871 3403 1,
888 3345 1000 3394 48-53.
1018 3344 1050 3394 L.
1071 3349 1095 3394 1.
1115 3347 1153 3396 D.

181 3410 275 3527 {3⁰1pr
288 3411 330 3537 q3qi
338 3406 496 3540 {uilssdffl'
583 3406 605 3476 ²)
625 3409 664 3473 Os.
683 3411 715 3459 L.
734 3414 757 3462 2.
776 3411 809 3463 D.
829 3411 861 3461 de
879 3411 930 3470 dis,
949 3415 993 3478 qui
1009 3414 1048 3462 sai
1066 3407 1101 3478 (1,
1121 3411 1153 3480 6)
