2464 3916
183 213 223 277 98
503 228 538 261 nn
558 226 720 260 coorcrnnrs
740 211 775 272 lI,
795 213 836 259 24.

184 379 210 426 ot
226 371 377 426 manumitti
392 369 486 424 debet:
504 368 602 441 quodsi
617 367 741 422 dominus
758 383 819 422 eum
835 385 890 422 non
906 367 1016 437 venriet,
1034 369 1056 421 si
1072 367 1153 422 modo

184 455 251 511 nihil
272 471 303 510 ex
324 455 423 510 iudicio
445 455 518 514 eius.
547 455 592 525 qui
614 452 724 525 reliquit
745 451 912 522 libertatem,
934 453 1071 524 percepit,
1099 469 1153 507 non

184 541 274 595 statim
291 540 459 612 extinguitur
474 537 719 593 fideicommissario
734 535 859 606 libertas⁷
876 536 924 591 sed
941 536 1074 606 differtur,
1093 535 1154 610 quia
1220 545 1221 612 ᾗ

184 625 270 698 possit
287 631 408 696 tempore
423 622 604 696 procedente,
620 621 782 693 ubicumque
798 622 903 676 occasio
919 620 1068 676 redimendi
1084 623 1155 676 serni

184 709 280 778 inerit,
303 709 431 780 praestari
453 707 572 762 libertas.
614 707 660 778 qui
686 714 774 761 autem
801 721 834 759 ex
855 721 934 760 causa
955 704 1155 760 fideicommissi

184 794 397 862 manumittitur,
414 807 467 846 non
480 792 618 846 testatoris
635 789 665 846 fit
680 789 809 859 libertus,
826 791 930 845 etiamsi
945 791 1086 845 testatoris
1097 807 1156 844 ser·

185 895 232 932 vus
248 880 294 948 sit⁷
311 877 358 933 sed
374 879 443 946 eius
460 878 505 948 qui
522 877 699 930 manumittit:
716 883 741 930 at
757 875 790 944 is,
807 875 853 946 qui
868 874 972 930 directo
988 881 1155 930 testamento

184 961 251 1018 liber
267 979 326 1017 esse
342 961 464 1029 iubetur,
481 961 564 1034 ipsius
582 961 718 1015 testatoris
735 957 765 1013 lit
780 957 910 1029 libertus⁷
927 960 973 1032 qui
988 960 1069 1014 etiam
1085 961 1156 1014 orci-

184 1063 234 1101 nus
257 1047 416 1120 appellatur.
458 1061 507 1100 nec
528 1045 595 1099 alius
617 1044 688 1100 ullus
710 1043 812 1099 directo
829 1059 861 1098 en
883 1051 1047 1098 testamento
1074 1043 1158 1098 liber-

184 1139 266 1186 tatem
282 1130 378 1186 babere
395 1137 496 1204 potest,
513 1146 591 1202 quam
608 1131 653 1201 qni
670 1139 786 1200 utroque
802 1136 925 1200 tempore
940 1129 1080 1184 testatoris
1095 1128 1158 1183 sue·

184 1216 235 1284 rit,
257 1223 284 1270 et
305 1233 359 1288 quo
381 1215 481 1270 laceret
503 1222 695 1270 testamentum
717 1221 744 1268 et
766 1229 820 1285 quo
843 1221 1006 1268 moreretur.
1049 1212 1156 1268 directo
1221 1209 1222 1212 ’

185 1308 274 1355 autem
289 1299 398 1354 libertas
416 1309 479 1354 tuno
500 1299 556 1354 dari
572 1298 692 1368 videtur,
714 1313 774 1352 eum
790 1313 845 1352 non
861 1296 892 1351 ab
908 1297 960 1352 alio
976 1313 1084 1352 servum
1100 1315 1156 1352 ma-

184 1386 292 1438 numitti
307 1392 403 1458 rogat,
425 1383 472 1439 sed
489 1384 562 1438 velut
578 1400 610 1437 ex
625 1387 675 1438 su'o
692 1389 853 1438 testamento
875 1381 1026 1436 libertatem
1042 1383 1066 1436 ei
1082 1399 1156 1436 oom-

151 1481 166 1528 3
184 1477 277 1543 petere
292 1469 360 1525 vult.
399 1465 501 1524 ¹Verba
522 1475 610 1522 autem
633 1465 900 1522 fideicommissorum
918 1466 983 1521 haec
998 1467 1114 1522 inarime
1130 1469 1155 1521 in

185 1571 236 1610 usu
258 1553 419 1610 habeantur:
450 1570 546 1622 nero,
575 1568 675 1622 noem,
696 1567 795 1620 vom,
817 1567 940 1621 nenne,
961 1567 1048 1607 mom
1071 1567 1154 1608 rone

186 1655 358 1696 connrrro.
397 1655 464 1711 quae
486 1636 598 1710 perinde
613 1636 722 1709 singula
738 1634 811 1690 srrma
829 1643 907 1706 sunt,
929 1643 1010 1708 atque
1026 1637 1050 1690 si
1065 1637 1155 1690 omnia
1222 1633 1223 1696 ξ

184 1726 212 1778 in
230 1739 311 1778 unum
326 1731 458 1795 congesta
473 1729 574 1776 essent.

597 1917 652 1956 rm.
666 1917 738 1957 xxv.
815 1973 818 1982 Ι

523 2021 573 2073 DE
593 2019 814 2072 oomclnnls,

150 2162 185 2202 Pr.
250 2147 319 2202 Ante
336 2147 451 2219 Augusti
469 2154 590 2220 tempora
605 2151 713 2200 constat
728 2146 770 2199 ius
786 2143 971 2200 codicillorum
988 2160 1042 2199 non
1059 2143 1155 2214 luisse,
1223 2129 1224 2158 ³

185 2231 231 2286 sed
253 2232 355 2304 primus
370 2230 468 2286 lucius
483 2230 630 2299 Lentulus,
652 2246 684 2284 ex
700 2230 775 2284 ouius
791 2245 908 2302 persona
922 2230 1001 2284 etiarn
1018 2225 1155 2283 fideicom-

186 2317 265 2370 missa
281 2324 446 2388 coeperunt‚
462 2315 601 2370 codicillos
616 2313 778 2369 introduxit.
815 2329 875 2368 nam
891 2329 950 2368 oum
966 2312 1110 2368 decederet
1125 2315 1154 2368 in

185 2397 289 2469 Africa,
311 2401 418 2471 scripsit
439 2399 578 2454 codicillos
600 2406 763 2454 testamento
785 2396 974 2468 confirmatos,
1001 2397 1094 2470 quibus
1118 2397 1154 2451 ab

185 2485 310 2555 Augusto
326 2484 405 2556 petiit
419 2499 468 2555 per
483 2481 736 2553 fideicommissum,
753 2491 783 2538 ut
798 2483 898 2538 laceret
913 2483 1027 2556 aliquid:
1049 2489 1076 2537 et
1091 2498 1154 2536 cum

185 2567 261 2622 divus
279 2569 417 2640 Augustus
433 2567 599 2622 voluntatem
615 2567 672 2622 eius
688 2567 841 2640 implesset⁷
858 2569 933 2622 cuius
950 2567 1077 2640 deinceps
1091 2566 1156 2620 reli·

186 2654 231 2724 qui
253 2643 459 2708 auctoritatem2
486 2653 587 2721 secuti,
614 2649 821 2708 fideicommissa
846 2650 1018 2725 praestabant
1045 2660 1072 2706 et
1099 2649 1155 2704 lilia

184 2735 292 2792 Lentuli
307 2737 412 2809 legata,
434 2751 501 2808 qrrae
516 2737 574 2790 iure
590 2752 644 2791 non
660 2735 787 2807 debebat,
810 2729 925 2807 solvit‚³
946 2735 1045 2791 dicitur
1060 2736 1154 2808 dugu-

186 2827 243 2876 stus
271 2837 434 2876 convocasse
459 2820 621 2893 prudentes,
651 2822 723 2875 inter
752 2837 821 2894 quos
848 2819 1001 2876 Trebatium
1032 2835 1155 2893 quoque,

186 2907 261 2960 cuius
277 2914 342 2960 tunc
357 2905 503 2960 auctoritas
520 2907 631 2960 maxima
646 2913 717 2976 erat,
734 2914 761 2960 et
777 2907 928 2978 quaesisse,
949 2921 982 2959 an
998 2905 1084 2977 possit
1099 2903 1156 2958 hoc

185 2989 268 3062 recipi
289 3006 339 3044 nec
356 2989 488 3045 absonans
504 3007 518 3044 a
533 2991 599 3045 iuris
614 2992 718 3045 ratione
734 2990 918 3046 codicillorum
936 3005 1000 3044 usus
1017 2997 1102 3045 esset:
1125 2995 1156 3042 et

187 3139 390 3150 ——.-

254 3238 274 3302 ¹)
291 3241 350 3302 sere
367 3261 400 3281 =-·
420 3240 476 3289 Gai.
500 3242 528 3298 2,
547 3241 605 3291 249.
701 3238 722 3305 ²)
751 3241 827 3290 ouius
856 3239 880 3288 d.
907 3254 929 3292 r.
957 3240 1154 3289 auctoritatem

185 3309 286 3370 scripsi.
309 3307 439 3370 deinceps
464 3307 566 3369 reliqui
591 3308 783 3356 auctoritatem
807 3309 864 3356 eius
882 3309 922 3357 oet
940 3307 965 3356 d.
985 3322 1006 3356 r.
1027 3307 1085 3356 eius
1102 3317 1153 3352 au—

187 3377 343 3424 ctoritatem
371 3376 444 3424 codd.
473 3376 530 3424 edd.
560 3390 624 3438 quoe
650 3375 767 3423 titubatio
790 3377 914 3431 ostendit,
941 3375 1011 3424 sedis
1039 3375 1155 3422 incertae

183 3442 265 3502 fnisse
295 3443 365 3504 eius,
390 3443 486 3504 saetam
508 3457 543 3491 sc.
564 3457 598 3490 ece
617 3443 707 3503 cuius,
735 3457 806 3505 quum
833 3444 861 3490 id
878 3443 1014 3506 aliquando
1033 3444 1086 3490 loco
1102 3453 1155 3488 suo

187 3509 333 3558 occidisset.
402 3506 423 3572 3)
443 3503 500 3557 liiiio
518 3509 643 3572 apodoain
660 3509 785 3570 incipere,
805 3512 895 3560 suadet
914 3510 988 3558 etiam
1010 3505 1121 3569 Tdeopd.
