2484 3916
302 211 337 245 nn
356 208 552 248 aucronrrars
572 208 705 247 ruaonuu
723 198 747 259 1,
766 199 808 250 21.
995 195 1035 258 27

81 353 161 408 lectus
182 350 257 406 urbis
277 351 320 408 vel
344 359 454 426 praetor
479 352 627 408 secundum
653 369 729 408 suam
755 353 983 426 iurisdictionem,
1009 355 1037 408 in

80 437 216 511 provinciis
238 443 325 492 autem
352 436 489 510 praesides
515 453 547 492 cx
572 437 749 510 inquisitione
773 445 880 494 tutores
903 447 1037 508 crearent,

81 521 119 576 vel
137 513 307 594 magistratus
328 522 404 576 iussu
423 519 592 594 praesidum,
614 521 638 576 si
659 538 715 577 non
734 523 789 578 sint
809 539 922 596 magnae
942 521 1039 597 pupilli

80 603 221 661 facultates.
253 605 307 660 Nos
322 613 411 660 autem
433 621 482 678 per
497 606 720 662 constitutionem
735 600 875 664 nostram¹
896 615 924 664 et
945 607 1072 671 huius-5

81 687 147 746 modi
165 687 337 746 difficultates
358 690 497 746 hominum
512 696 666 746 resecantes
681 707 732 746 nec
743 698 897 764 exspectata
917 693 1038 748 iussione

80 771 239 847 praesidum,
261 773 459 848 disposuimus,
486 775 509 830 si
535 774 648 830 facultas
667 774 763 848 pupilli
785 773 826 830 vel
846 775 931 830 adulti
951 791 1038 848 usque

21 899 23 906 .
81 857 109 912 ad
128 859 290 932 quingentos
311 857 415 914 solidos
435 858 536 930 valeat,
558 858 716 915 defensores
736 861 872 915 civitatum
894 857 957 931 (una
978 876 1038 914 cum

81 941 190 997 eiusdem
205 943 322 998 civitatis
337 941 543 1016 religiosissimo
558 945 679 1000 antistite
695 943 735 999 vel
751 943 822 1017 apud
837 943 900 999 alias
917 941 1038 1018 publicas

80 1022 209 1100 personas)
225 1019 288 1082 vel²
302 1028 488 1101 magistratus,
503 1027 546 1083 vel
560 1027 703 1084 iuridicum
715 1027 910 1084 Alexandrinae
925 1028 1039 1083 civitatis

81 1116 176 1165 tutores
196 1110 240 1166 vel
255 1118 396 1166 curatores
412 1127 520 1182 creare,
540 1112 660 1186 legitima
681 1113 784 1168 cautela
805 1112 953 1168 secundum
969 1112 1040 1166 cius·

81 1193 133 1249 dem
153 1197 357 1251 constitutionis
380 1212 500 1252 normam
519 1195 695 1270 praestanda,
715 1195 839 1253 videlicet
854 1213 948 1252 eorum
968 1197 1039 1270 peri·

82 1277 150 1350 culo,
167 1280 212 1352 qui
228 1297 286 1336 cam
303 1281 442 1353 accipiant.

137 1355 310 1438 3lmpubcres
332 1371 421 1419 autem
441 1365 468 1419 in
490 1363 573 1419 tutela
590 1381 650 1420 esse
665 1364 779 1420 naturali
800 1367 859 1420 iure
875 1365 1038 1420 conveniens
1057 1362 1073 1410 6

21 1449 23 1468 '
83 1453 133 1517 est,
151 1455 181 1502 ut
195 1449 234 1520 is,
258 1450 305 1521 qui
320 1448 456 1522 perlectae
471 1449 565 1502 aetatis
581 1464 636 1503 non
652 1449 702 1518 sit,
725 1448 835 1504 alterius
856 1447 940 1504 tutela
961 1464 1039 1520 rega-

82 1538 128 1586 tur.
162 1530 226 1587 (lum
253 1533 342 1606 igitur
365 1531 531 1605 pupillorum
556 1531 774 1606 pupillarumque
799 1540 904 1588 tutores
929 1531 1072 1604 negotia?

21 1679 22 1686 ἵ
83 1624 185 1688 gerunt,
201 1624 267 1689 post
281 1615 453 1690 pubertatem
468 1615 569 1671 tutelae
584 1616 684 1672 iudicio
699 1618 831 1672 rationem
847 1615 973 1672 reddunt.

487 1828 544 1868 rm.
557 1829 621 1868 xxn

284 1913 335 1963 Du
353 1913 615 1965 AUCTORITATE
635 1914 826 1966 TUTORUM.

137 2036 290 2093 Auctoritas
310 2043 400 2092 autem
419 2037 518 2092 tutoris
537 2037 566 2090 in
592 2035 751 2109 quibusdam
778 2039 864 2092 causis
890 2037 1040 2093 necessaria
1057 2041 1092 2081 Pr·

85 2119 181 2192 pupillis
198 2129 256 2192 cst,
280 2123 308 2176 in
322 2119 482 2193 quibusdam
496 2136 551 2175 non
567 2127 609 2175 est
624 2121 783 2176 necessaria.
814 2128 845 2174 ut
860 2135 923 2175 ecce
937 2121 961 2173 si
977 2119 1041 2191 quid

84 2202 131 2257 dari
148 2203 197 2260 sibi
218 2199 417 2279 stipulentur,⁴
445 2220 502 2260 uon
524 2211 566 2258 est
585 2204 735 2259 necessaria
761 2205 860 2258 tutoris
881 2203 1040 2257 auctoritas:

21 2333 23 2368 ἰ
85 2287 181 2358 quodsi
192 2289 251 2346 aliis
268 2288 365 2362 pupilli
380 2290 550 2362 promittant,
567 2288 717 2344 necessaria
727 2295 783 2342 est:
799 2303 915 2360 namque
930 2285 1041 2360 placuit,

21 2375 23 2446 ζ
84 2370 210 2428 meliorem
226 2371 336 2446 quidem
348 2389 424 2428 suam
436 2372 621 2428 condicionem
636 2371 717 2427 licere
730 2372 769 2427 cis
784 2371 872 2428 lacere
887 2371 967 2427 etiam
982 2371 1042 2425 sine

22 2471 23 2490 ¹
83 2457 171 2512 tutoris
192 2458 371 2528 auctoritate,
397 2457 560 2512 deteriorem
580 2472 645 2511 vero
671 2470 727 2512 non
752 2456 830 2512 aliter
852 2472 930 2529 quam
952 2463 1042 2510 tutore

84 2547 191 2596 auctore.
229 2539 304 2596 uude
325 2543 351 2596 in
374 2541 415 2596 bis
436 2542 541 2612 causis,
563 2536 603 2596 er'
617 2539 715 2614 quibus
736 2548 845 2596 mutuae
864 2539 1042 2613 obligationes

21 2693 22 2700 ἵ
84 2633 236 2697 nascuntur,
267 2626 296 2680 in
321 2625 500 2698 emptionibus
527 2623 743 2696 venditionibus,
773 2623 951 2681 locationibus
978 2639 1042 2677 con-

81 2703 258 2781 ductionibus,
271 2709 413 2780 mandatis,
424 2709 565 2783 depositis,
589 2709 613 2763 si
625 2711 722 2765 tutoris
736 2710 881 2764 auctoritas
893 2723 949 2762 non
960 2708 1043 2761 inter·

85 2853 279 2868 n·-——

146 2939 272 3001 1)Ιι,30.
294 2941 321 2992 0.
340 2943 372 2991 de
398 2943 476 3004 episc.
496 2938 530 3003 (1,
548 2933 585 3002 4).
670 2939 691 3002 ²)
709 2942 746 2990 sic
767 2946 837 2989 recte
855 2940 895 2991 ed.
914 2937 999 2996 Scbr„
1017 2945 1045 2986 ot

21 3025 22 3060 1
87 3010 235 3120 rporarondeat
253 3009 511 3090 baecnepitome-ipsi
528 3009 725 3122 concadddcit.
749 3014 775 3056 et
792 3014 820 3056 ut
836 3007 1042 3122 varietaslcodd.

88 3073 412 3211 inlidat-illita
426 3075 635 3211 ilittti‘tti
651 3079 802 3193 mitifici
814 3075 866 3191 iil
878 3087 1046 3216 {blalmllss

21 3219 23 3262 ε
88 3201 270 3265 μσσιεσόντων
281 3200 452 3274 προσώπων,
471 3206 600 3260 τουτέστι
617 3207 796 3275 στρατηγῶν,
815 3198 833 3274 ἢ
853 3200 885 3281 ἐν
897 3199 981 3270 bilae.
994 3222 1045 3257 coo

21 3273 23 3344 ξ
90 3265 242 3338 loopcdr'uoo
257 3278 377 3342 Tbeopb,
396 3281 462 3328 unde
474 3284 595 3342 apparet,
614 3293 668 3328 eum
682 3279 793 3341 perinde
805 3277 957 3341 trabatiana
969 3275 1046 3323 libro·

21 3389 23 3402 ,
89 3339 136 3388 rior
151 3343 196 3392 vel
207 3360 280 3412 mag.
291 3345 339 3396 vel
356 3345 438 3394 iurid.
454 3361 505 3409 pro
527 3346 700 3409 explicatione
712 3345 867 3408 publicarum
878 3357 1046 3407 personarum

21 3409 23 3476 j
90 3403 196 3460 babuisse
213 3414 321 3478 ideoque
337 3414 412 3476 priua
428 3412 474 3463 vel
489 3429 540 3477 per
558 3407 687 3464 τουτέστι
697 3413 850 3462 reddidisse.
898 3409 918 3471 ³)
936 3429 969 3450 =
989 3407 1044 3458 Gai.

22 3479 24 3512 l
91 3473 114 3535 1,
130 3476 244 3533 tao-mot.
297 3477 319 3546 4)
338 3481 484 3546 stipuletur
502 3482 561 3530 edd.
580 3478 655 3530 Sebr.
675 3487 700 3528 et
718 3479 769 3532 Kr,
788 3495 823 3528 ecc
840 3477 954 3543 plurimis
971 3476 1047 3527 codd.
