2486 3916
342 197 346 202 ¹
375 220 411 256 ou
430 219 526 254 annon
543 218 691 255 o1v1s10ni:
710 206 748 270 11,
767 208 791 256 1.
1029 203 1071 267 41

99 378 134 418 eo
151 377 216 416 casu
236 376 405 416 communem
426 377 486 416 esse
506 361 622 434 speciem
643 377 699 418 non
720 360 865 418 dubitatur.
903 361 1002 435 quodsi
1017 362 1072 418 sor-

98 447 175 501 tuitu
191 455 218 501 et
233 452 289 500 non
304 444 443 502 voluntate
459 444 630 500 dominorum
652 444 780 502 confusae
801 445 902 502 suerint
922 446 965 501 vel
985 445 1072 502 divir-

100 546 147 586 sae
164 529 290 584 materiae
311 527 438 602 reiquae
459 529 579 585 eiusdem
600 531 709 603 generis
731 537 810 601 sunt,
832 530 902 586 idem
923 531 989 586 iuris
1012 543 1072 586 esse

98 614 212 688 placuit.
244 611 347 680 Quodsi
362 613 527 669 trumentum
542 613 606 669 Titii
627 622 676 670 tuo
698 613 834 670 frumento
850 615 962 670 mixtum
978 613 1071 685 fuerit,
1090 627 1122 675 28

100 699 125 753 si
142 697 252 771 quidem
268 713 301 753 en
315 696 455 754 voluntate
471 705 569 768 vestra,
580 713 723 754 commune
739 699 801 769 erit,
818 699 880 771 quia
895 699 1001 772 singula
1012 717 1072 756 cor·

99 799 179 856 pore,
195 781 222 837 nt
238 790 280 838 est
295 781 403 856 singula
419 797 518 855 grana,
541 799 610 854 quae
625 783 757 855 cuiusque
772 783 881 856 propria
896 782 1023 852 inerunt,
1039 801 1071 840 er

100 883 239 922 consensu
260 873 353 920 vestro
375 867 569 922 communicata
588 872 662 922 sunt.
706 866 804 940 quodsi
826 883 890 922 casu
910 865 937 920 id
958 869 1071 923 mixtum

100 951 187 1006 fuerit
207 949 250 1006 vel
265 949 352 1006 Titius
367 949 394 1006 id
410 951 548 1006 miscuerit
568 952 627 1006 sine
648 951 789 1006 uoluntate
810 958 871 1021 tua,
893 967 949 1006 non
964 951 1072 1006 videtur

101 1049 246 1090 commune
262 1050 336 1098 esse,
359 1035 420 1107 qnia
435 1034 543 1108 singula
558 1050 675 1108 corpora
695 1037 724 1090 in
739 1052 787 1090 sua
808 1034 958 1090 substantia
973 1035 1071 1090 durant

101 1135 153 1174 nec
168 1119 255 1192 magis
276 1119 335 1174 istis
357 1117 462 1174 casibus
485 1135 629 1174 commune
651 1117 682 1174 fit
697 1119 879 1191 frumentum,
902 1135 980 1193 quani
1003 1135 1071 1193 grex

100 1203 253 1258 eommunis
266 1219 326 1258 esse
341 1202 522 1276 intellegitur,
537 1204 561 1258 si
576 1219 676 1276 peoora
688 1203 750 1260 'riui
765 1205 818 1260 tuis
830 1203 973 1277 pecoribus
989 1205 1071 1260 mixta

100 1287 220 1342 fuerint:
242 1286 290 1342 sed
305 1288 329 1342 si
344 1285 376 1341 ab
392 1285 525 1342 alterutro
541 1296 661 1342 vostrum
675 1287 703 1342 id
717 1295 807 1344 totum
823 1287 991 1344 frumentum
1006 1290 1071 1344 reti·

89 1379 210 1441 nentur,
225 1372 253 1426 in
267 1387 325 1426 rem
341 1370 449 1443 quidem
464 1372 533 1426 actio
548 1387 599 1444 pro
611 1371 692 1427 modo
708 1371 837 1428 frumenti
852 1374 983 1445 cuiusque
999 1389 1071 1428 conr·

101 1448 203 1528 petit,¹
218 1453 329 1510 arbitrio
344 1464 435 1510 autem
450 1455 545 1510 iudicis
560 1457 732 1527 continetur,
755 1464 784 1512 ut
799 1457 821 1511 is
837 1458 975 1526 aestimet,
992 1456 1071 1529 quale

101 1541 235 1612 cuiusque
256 1539 423 1594 frumentun]
446 1538 539 1594 fuerit.
572 1532 657 1594 ²Cum
676 1541 704 1594 in
725 1557 776 1595 suo
797 1540 857 1595 solo
873 1541 969 1612 aliquis
985 1541 1071 1596 aliena
1088 1551 1121 1600 29

99 1625 214 1680 materia
228 1621 421 1694 aedificaverit,
442 1624 501 1696 ipse
521 1623 647 1679 dominus
666 1624 837 1698 intellegitur
857 1622 986 1696 aedificii,
1008 1626 1072 1698 quia

100 1725 200 1779 omne,
216 1707 291 1780 quod
305 1705 506 1779 inaedificatur,
531 1708 591 1764 solo
607 1708 688 1764 cedit.
718 1724 768 1764 nee
788 1715 877 1765 tamen
892 1708 953 1764 ideo
968 1711 1007 1781 is,
1024 1711 1071 1784 qni

99 1793 230 1848 materiae
252 1791 377 1847 dominus
393 1792 497 1864 iuerat,
517 1791 618 1848 desinit
638 1795 696 1848 eius
711 1792 836 1849 dominus
853 1809 926 1849 esse:
949 1794 997 1850 sed
1013 1802 1071 1850 tan·

99 1878 189 1950 tisper
205 1891 294 1949 neque
309 1875 443 1932 vindicare
459 1893 516 1932 eam
531 1885 624 1951 potest
638 1893 727 1952 neque
748 1877 781 1932 ad
796 1877 976 1936 exhibendum
992 1879 1025 1934 de
1041 1895 1072 1934 ea

99 1977 131 2017 re
148 1977 231 2036 agere
246 1969 361 2034 propter
375 1961 464 2035 legem
479 1961 623 2018 duodecim
639 1961 806 2032 tabularum,
828 1979 881 2036 qua
896 1970 1020 2033 cavetur,
1037 1980 1071 2018 ne

101 2047 163 2119 quis
177 2046 287 2119 tignum
301 2044 417 2101 alienum
433 2044 544 2101 aedibus
565 2047 622 2102 suis
642 2047 794 2102 iniunctum
813 2047 930 2101 eximere
945 2053 1071 2120 cogatur,

100 2129 151 2186 sed
172 2129 285 2202 duplum
306 2146 357 2202 pro
378 2145 411 2186 eo
434 2138 554 2204 praestat
575 2132 793 2202 peractionem,
816 2145 885 2201 quae
906 2137 1017 2184 vocatur
1037 2130 1071 2184 de

100 2216 181 2288 tigno
203 2216 296 2270 iuncto
324 2213 513 2288 (appellatione
539 2223 630 2269 autem
656 2213 726 2287 tigni
747 2214 834 2268 omnis
855 2214 967 2270 materia
987 2213 1072 2286 signi·

101 2295 216 2370 ficetur,
238 2315 273 2352 ex
293 2315 346 2372 qua
366 2297 485 2354 aedificia
505 2296 600 2370 fiunt):
621 2297 695 2371 quod
715 2296 776 2354 ideo
797 2298 937 2371 provisum
958 2303 1015 2368 est,
1037 2313 1071 2352 ne

101 2381 223 2439 aedificia
243 2382 360 2438 rescindi
380 2399 491 2439 necesse
512 2383 557 2440 sit.
588 2381 637 2438 sed
657 2384 680 2438 si
701 2381 789 2455 aliqua
810 2398 842 2438 ex
857 2397 937 2438 causa
951 2378 1096 2438 dirutum*

101 2469 139 2522 sit
154 2465 320 2537 aedificium,
336 2469 438 2540 poterit
453 2469 580 2524 materiae
595 2466 737 2538 dominus,
753 2467 776 2521 si
791 2481 847 2522 non
862 2465 945 2522 suerit
959 2466 1072 2540 duplum

101 2553 155 2606 iani
170 2546 365 2622 consecutus,³
385 2559 451 2607 tunc
467 2567 523 2607 euni
539 2551 672 2626 vindicare
693 2559 721 2608 et
736 2551 768 2606 od
783 2550 964 2608 exhibendum
979 2567 1070 2624 agere.

100 2633 140 2690 Ex
155 2635 262 2691 divorso
278 2637 302 2690 si
321 2638 381 2709 quis
401 2637 429 2691 in
444 2637 532 2692 alieno
554 2636 614 2691 solo
629 2653 679 2691 sua
693 2636 804 2691 materia
824 2635 934 2690 domuin
949 2634 1072 2690 aedifica·
1090 2649 1123 2698 30

101 2721 182 2791 verit,
198 2719 271 2776 illius
287 2719 318 2774 fit
332 2719 440 2792 domus,
456 2722 532 2776 cuius
549 2727 575 2776 et
590 2720 680 2776 solum
695 2727 746 2776 est.
777 2719 827 2775 sed
842 2719 895 2775 hoc
910 2735 974 2773 casu
989 2725 1072 2773 mate·

101 2805 158 2858 riae
179 2804 306 2860 dominus
327 2806 521 2878 proprietatem
544 2806 602 2860 eius
628 2805 742 2875 amittit,
769 2805 832 2877 quia
852 2803 992 2858 voluntate
1013 2803 1071 2856 eius

101 2888 216 2943 alienata
229 2889 411 2963 intellegitur,
427 2890 522 2962 utique
537 2890 560 2944 si
575 2905 630 2944 non
645 2887 803 2962 ignorabat,
819 2889 847 2942 in
863 2887 950 2943 alieno
966 2887 1026 2942 solo
1042 2903 1072 2941 se

102 2971 257 3028 aedificare:
269 2981 300 3037 ,et
315 2974 393 3044 ideo,
415 2973 478 3029 licet
493 2972 582 3028 diruta
597 2975 633 3029 sit
648 2973 761 3042 domus,
782 2971 919 3028 vindicare
934 2972 1072 3028 materiam

101 3073 158 3112 non
173 3050 307 3130 poterit.⁴
336 3066 410 3114 certe
426 3057 492 3113 iilud
507 3064 630 3128 constat,
650 3059 673 3112 si
688 3058 716 3112 in
730 3058 905 3130 possessione
921 3059 1072 3113 constituto

171 3220 191 3284 ¹)
211 3225 251 3272 ed.
265 3219 339 3273 Scir.
354 3225 494 3287 competet
511 3223 551 3272 ed.
565 3221 616 3270 Kr.
636 3222 712 3272 codd.
730 3223 842 3272 emant.
877 3221 898 3285 ²)
917 3221 956 3282 §5-
970 3223 1071 3271 eti-31

97 3290 159 3352 fere
177 3311 211 3330 =
228 3291 261 3342 h,
281 3293 306 3340 7.
325 3291 365 3351 35.
386 3292 425 3340 10.
446 3291 486 3339 12.
507 3291 537 3340 13
555 3290 589 3338 D.
608 3291 664 3340 cod.
711 3287 732 3356 ³)
752 3290 827 3340 codd.
847 3289 925 3352 infer.
943 3295 969 3338 et
990 3283 1073 3351 ἔτυχε

100 3349 295 3422 κομισάμενος
320 3357 431 3421 Theopi.
455 3361 615 3421 persecutus
640 3358 715 3406 codd.
738 3365 787 3408 oet.
807 3358 865 3406 cdd.
884 3355 957 3407 Scir.
978 3362 1003 3404 et
1020 3354 1072 3402 Kr.

98 3424 121 3490 ⁴)
142 3425 232 3490 possit
249 3427 308 3476 edd.
328 3425 402 3476 Scir.
422 3432 448 3476 et
466 3424 516 3474 Kr.
540 3426 615 3478 codd.
638 3426 741 3474 variant
763 3426 830 3474 inter
852 3425 956 3486 potest,
975 3421 1072 3484 possit,

99 3494 214 3558 poterit·
235 3487 290 3556 ἔξω
305 3493 416 3556 Tneopt.
