2484 3916
184 177 225 242 86
525 193 560 228 ns
580 191 700 228 causans
719 178 754 240 ΙΙ,
774 179 815 228 20.

184 337 223 392 dit
239 335 280 390 vel
301 334 407 390 decedit
426 335 487 390 vivo
511 341 659 405 testatore,
680 333 803 408 legatarii
822 333 899 388 lucro
921 333 962 389 vel
983 333 1083 388 damno
1105 342 1159 388 est.

184 419 282 494 quodsi
296 426 360 492 post
374 426 489 474 mortem
506 420 644 474 testatoris
665 426 727 473 ante
748 417 846 473 aditam
862 410 1038 474 hereditatem
1060 433 1160 473 servus

184 503 358 577 adquisierit,
377 501 497 558 lulianus
519 503 571 572 ait,
595 504 618 557 si
640 501 746 576 quidem
762 503 813 576 ipsi
834 501 998 558 manumisso
1019 501 1159 575 peculium

183 590 303 663 legatum
318 587 410 658 luerit,
426 603 516 658 omne,
532 585 605 661 quod
617 595 679 642 ante
691 586 788 642 aditam
800 585 975 642 hereditatem
991 585 1159 660 adquisitum

184 681 242 743 cst,
259 673 389 745 legatario
405 671 516 742 cedere,
540 673 601 744 quia
617 671 673 726 dies
697 671 776 726 huius
792 671 876 742 legati
896 669 927 726 ab
943 664 1032 728 adita¹
1049 671 1157 726 heredi·

184 765 240 813 tate
255 756 340 812 cedit:
361 755 410 813 sed
431 757 454 811 si
477 763 605 812 extraneo
625 755 763 828 peculium
784 755 904 828 legatum
920 753 1016 826 fuerit,
1040 771 1097 810 non
1112 769 1158 812 ce-

184 841 248 898 dere
263 858 294 896 ea
309 840 407 916 legata,
423 842 475 895 nisi
487 857 519 894 cx
531 839 612 896 rehus
624 837 804 913 peculiaribus
817 847 924 896 auctum
937 831 1049 895 luerit.²
1076 856 1160 913 pecu·

184 926 250 982 lium
266 932 356 980 autem
372 926 424 980 nisi
439 924 560 999 legatum
577 925 668 994 luerit,
684 925 848 978 manumisso
861 941 916 980 non
928 921 1052 994 debetur,
1065 941 1160 998 quam-

184 1012 223 1066 vis
240 1012 262 1066 si
278 1011 353 1064 vinus
369 1009 568 1080 manumiserit,
584 1007 702 1080 sufficit,
718 1010 741 1064 si
757 1025 812 1064 nou
826 1007 971 1063 adimatur:
995 1016 1023 1064 ct
1043 1011 1082 1064 ita
1104 1007 1159 1063 divi

184 1095 301 1150 Severus
317 1099 344 1148 et
360 1093 512 1151 Antoninus
528 1095 736 1167 rescripserunt.
767 1091 846 1148 iidem
862 1083 1094 1166 rescripserunt,3
1109 1109 1159 1166 pe·

185 1179 256 1234 cnlio
283 1178 390 1250 legato,
416 1193 472 1232 non
498 1177 582 1234 videri
604 1177 632 1234 id
658 1177 792 1248 relictum,
818 1184 849 1232 ut
873 1179 1034 1250 petitionem
1060 1176 1160 1232 haheat

183 1263 330 1335 pecuniae,
351 1278 430 1335 quam
446 1263 473 1316 in
489 1263 607 1318 rationes
623 1261 769 1318 dominicas
785 1261 924 1334 impendit.
956 1261 1037 1318 iidem
1058 1263 1158 1318 rescri-

183 1353 309 1420 pserunt,
324 1345 459 1419 peculium
475 1345 558 1402 videri
573 1346 702 1422 legatum,
718 1363 779 1401 cum
794 1345 943 1402 rationibus
958 1345 1072 1402 redditis
1088 1345 1159 1402 liber

134 1438 165 1486 21
184 1448 244 1487 esse
259 1433 349 1487 iussus
372 1438 414 1486 est
428 1438 456 1485 et
477 1447 509 1485 cx
524 1447 557 1486 eo
579 1431 697 1504 reliquas
715 1430 826 1486 inferre.
863 1430 926 1486 'lam
947 1437 1037 1486 autem
1058 1449 1159 1504 corpo-

183 1515 253 1571 rales
279 1531 323 1572 res
345 1532 424 1588 quam
444 1515 628 1589 incorporales
649 1515 733 1590 legari
757 1523 881 1588 possunt.
918 1525 946 1571 et
971 1510 1055 1572 ideo4
1083 1515 1158 1589 qnod

184 1601 314 1656 defuncto
330 1599 460 1670 debetur,
481 1608 573 1673 potest
594 1599 672 1656 alicui
692 1599 794 1674 legari,
816 1608 847 1656 ut
862 1601 980 1656 actiones
996 1617 1059 1656 suas
1076 1601 1158 1656 heres

184 1685 315 1758 legatario
331 1691 467 1756 praestet,
489 1685 541 1739 nisi
556 1686 679 1758 exegerit
693 1685 769 1740 vivus
785 1692 901 1740 testator
914 1685 1071 1759 pecuniam:
1094 1701 1157 1740 nam

184 1769 237 1824 hcc
265 1784 328 1822 casu
354 1766 475 1844 legatum
500 1769 677 1842 exunguitur.
714 1767 762 1824 sed
789 1776 816 1824 et
845 1767 898 1825 tale
922 1769 1044 1844 legatum
1069 1769 1157 1824 valet:

182 1866 311 1909 oannes
338 1866 419 1910 asro
440 1869 542 1910 nunus
562 1867 676 1910 nouum
691 1868 796 1911 iunius
817 1869 972 1910 susicana
993 1853 1035 1910 vel
1056 1871 1157 1914 mcum

132 1935 166 1984 22
183 1953 266 1992 nanu
286 1952 403 1994 amano
423 1953 590 1994 uinunnna.
628 1938 655 1992 Si
677 1937 841 2014 generaliter
865 1955 959 1994 servus
980 1938 1023 1994 vel
1044 1939 1092 1994 alia
1108 1955 1156 1994 res

132 2027 165 2078 23
183 2021 303 2096 legetur,
320 2022 416 2078 electio
433 2021 557 2096 legatarii
572 2029 625 2093 est,
641 2023 692 2078 nisi
707 2021 780 2078 aliud
794 2030 911 2080 testator
922 2023 1028 2079 dixerit.
1062 2021 1157 2097 Optio-

182 2107 224 2162 nis
240 2106 376 2182 legatum,
397 2105 483 2162 idest
503 2105 549 2162 uhi
571 2113 685 2162 testator
706 2124 738 2163 cr
753 2109 837 2164 servis
858 2109 914 2164 suis
935 2107 978 2162 vel
998 2107 1056 2162 aliis
1073 2107 1155 2162 rebus

184 2197 278 2264 optare
293 2191 452 2264 legatarium
467 2193 599 2263 iusserat,
615 2191 728 2248 habehat
743 2193 770 2246 in
785 2208 814 2247 se
830 2192 1031 2263 condicionem,
1048 2200 1077 2248 et
1091 2191 1155 2248 idco

182 2277 234 2330 nisi
248 2277 307 2348 ipse
322 2276 469 2349 legatarius
490 2278 565 2330 vivus
582 2284 736 2348 optaverat,
760 2275 792 2332 ad
813 2276 940 2334 heredem
962 2275 1083 2352 legatum
1099 2294 1155 2332 neu

183 2352 393 2414 transmittebat.
418 2358 466 2414 sed
479 2376 510 2414 ex
523 2361 718 2416 constitutione
733 2354 847 2417 nostra5
862 2369 890 2418 et
903 2362 957 2418 hoc
971 2363 998 2417 in
1014 2361 1154 2418 meliorem

181 2448 282 2496 statum
303 2441 478 2496 reformatum
499 2449 542 2498 cst
563 2450 592 2506 et
611 2443 671 2498 data
691 2453 733 2500 est
747 2445 855 2501 licentia
875 2454 903 2502 et
923 2445 1016 2502 heredi
1031 2447 1155 2520 legatarii

183 2532 294 2598 optare,
316 2526 380 2580 licet
400 2527 475 2580 vivus
498 2527 644 2600 legatarius
665 2529 717 2584 hoc
738 2546 793 2585 non
820 2530 893 2586 iecit.
931 2537 958 2586 et
979 2529 1155 2604 diligentiore

183 2616 299 2666 tractatu
314 2609 416 2681 habito,
433 2619 459 2666 et
475 2611 528 2668 hcc
541 2612 568 2666 in
584 2619 676 2668 nostra
692 2615 888 2670 constitutione
903 2615 1022 2672 additum
1038 2624 1095 2686 est,
1113 2624 1154 2685 ut,

181 2695 238 2750 sive
253 2695 345 2768 plures
361 2695 483 2770 legatarii
499 2697 630 2768 existant,
652 2697 749 2770 quihus
771 2701 846 2773 optio
861 2699 956 2756 relicta
973 2689 1034 2771 'est,
1056 2707 1085 2755 et
1100 2699 1155 2755 dis·

181 2782 299 2836 sentiant
314 2782 342 2836 in
357 2797 472 2854 corpore
487 2780 630 2856 eligendo,
651 2785 708 2838 sive
730 2784 809 2838 unius
830 2783 953 2858 legatarii
967 2784 1060 2858 plures
1077 2785 1155 2840 here·

182 2864 239 2934 des,
256 2872 284 2919 et
299 2865 372 2920 inter
387 2881 416 2920 se
432 2866 500 2920 circa
522 2866 669 2940 optandum
690 2866 865 2940 dissentiant,
886 2869 939 2924 alic
960 2869 1032 2924 aliud
1053 2886 1154 2943 corpus

250 3129 269 3197 ¹)
292 3131 404 3196 Thecpd.
423 3139 447 3182 et
462 3135 582 3199 plerique
600 3133 675 3185 codd.
695 3133 730 3181 eb
750 3150 796 3184 cm.
815 3133 886 3182 BW
899 3136 941 3186 ed.
954 3135 1006 3188 Kr.
1076 3133 1095 3196 ²)
1116 3137 1154 3184 sir.

178 3196 260 3248 BWb
274 3215 327 3248 cum
342 3203 474 3266 plerisque
500 3203 575 3252 codd.
603 3201 680 3262 inser.
709 3207 735 3250 et
756 3201 868 3266 Theoph.
895 3201 1037 3266 peculium
1056 3203 1154 3252 addunt

178 3266 257 3316 ΕΜ
276 3269 316 3318 ed.
336 3269 386 3317 Kr.
474 3266 494 3329 ³)
515 3268 555 3330 Cf.
574 3267 607 3320 L.
631 3269 655 3316 6.
675 3270 697 3329 ἓ,
717 3271 742 3323 4.
763 3269 795 3318 D.
821 3271 853 3318 de
871 3273 955 3333 pecul.
973 3275 1022 3335 leq.
1044 3270 1093 3333 (33,
1115 3268 1152 3336 8).

180 3331 201 3397 4)
221 3337 319 3386 addunt
346 3341 374 3384 et
391 3335 417 3384 B
443 3351 497 3384 cum
523 3336 670 3399 quibusdem
696 3336 789 3400 insen,
818 3338 877 3388 edd.
895 3336 970 3388 Schr.
990 3345 1016 3387 et
1033 3339 1083 3390 Kr.
1105 3354 1153 3388 om.

179 3401 296 3532 &heppp
324 3402 391 3452 EW
412 3409 436 3452 et
457 3403 574 3467 plerique
596 3402 672 3465 infer.
760 3401 779 3465 ⁵)
801 3405 832 3453 t.
852 3409 876 3456 3.
900 3404 928 3454 0.
949 3421 1034 3456 comm.
1054 3407 1086 3456 de
1105 3408 1153 3470 lep.
