2484 3916
166 185 208 250 48
416 201 452 235 ou
471 199 526 237 usu
544 199 580 234 nr
598 199 790 235 enarrarronu
810 185 844 241 ΙΙ,
864 185 889 238 5.

169 343 239 400 civili
254 344 389 416 recipiunt
405 341 612 398 usumfructum.
638 358 692 416 quo
708 357 821 396 numero
838 348 902 396 suot
913 341 1014 410 vinum,
1031 339 1138 410 oleum,

167 428 347 498 frumentum,
363 427 531 482 vestimenta.
556 425 654 499 quibus
664 427 785 499 proxima
800 433 842 480 est
852 425 965 498 pecunia
978 434 1138 480 numerata:

167 527 282 584 namque
298 512 326 566 in
340 503 420 584 ipso¹
437 527 489 566 usn
504 510 614 566 adsidua
625 511 824 584 permutatione
834 508 1034 583 quodammodo
1046 510 1139 564 extin-

99 619 101 624 ·
167 597 269 670 guitur.
303 594 351 650 sed
367 595 491 650 utilitatis
506 611 585 651 causa
600 603 711 650 senatus
726 594 841 665 censuit,
856 610 939 666 posse
950 593 1031 648 etiam
1042 609 1139 648 cartam

166 695 257 734 rerum
273 679 471 736 usumfructum
488 681 632 751 constitui,
649 687 678 734 ut
694 687 782 734 tamen
798 694 830 733 eo
846 679 955 734 nomine
970 677 1066 734 heredi
1081 679 1139 733 uti·

166 764 230 820 liter
245 771 378 819 caveatur.
417 765 509 838 itaque
525 765 548 820 si
563 764 692 838 pecuniae
707 762 882 818 ususfructus
900 761 1008 835 legatus
1024 763 1075 832 sit,
1096 763 1138 818 ita

167 847 245 904 datur
259 848 407 923 legatario,
431 856 461 904 ut
482 849 541 904 eius
562 847 624 920 fiat,
645 857 673 904 et
695 847 841 922 legatarius
863 845 975 904 satisdat
990 846 1085 902 heredi
1100 845 1138 901 de

104 965 107 972 ·
168 941 241 988 tanta
265 933 380 1006 pecunia
404 931 587 1003 restituenda,
615 934 637 988 si
657 933 789 988 morietur
808 939 853 988 aut
876 931 962 1004 capite
984 931 1135 986 minuetur.

166 1026 271 1074 ceterae
287 1033 396 1090 quoque
416 1031 461 1072 res
476 1019 513 1072 ita
528 1016 671 1072 traduntur
686 1015 832 1090 legatario,
856 1023 887 1071 ut
902 1016 959 1070 eins
975 1013 1053 1070 fiant:
1085 1014 1137 1070 sed

165 1102 313 1156 aestimatis
338 1101 379 1156 his
396 1101 557 1172 satisdator,
574 1109 615 1172 at,
632 1103 655 1156 si
670 1101 803 1158 morietur
818 1108 864 1156 ant
881 1101 968 1173 capite
983 1101 1135 1170 minuetur,

168 1193 240 1240 tanta
255 1186 368 1258 pecunia
383 1187 559 1256 restituatur,
577 1185 670 1260 quanti
686 1201 733 1240 eae
749 1185 850 1240 fuerint
861 1185 1025 1240 aestimatae¹
1064 1201 1135 1258 ergo

166 1276 275 1324 serratus
305 1285 359 1326 uon
389 1269 454 1326 fecit
483 1269 590 1343 quidem
620 1285 712 1325 earum
737 1285 828 1325 rerum
855 1267 1051 1324 usumfructum
1073 1267 1136 1340 (uec

167 1354 236 1408 euim
270 1353 416 1427 poterat),
459 1353 506 1410 sed
541 1370 591 1428 per
626 1355 779 1410 cantionem
815 1354 892 1428 quasi
932 1352 1135 1408 usumfructum

132 1448 148 1496 3
166 1439 317 1494 constituit.
356 1437 461 1494 finitur
476 1447 565 1494 autem
582 1438 754 1495 ususfructus
766 1446 854 1494 morte
869 1437 1010 1494 fructuarii
1025 1445 1053 1492 et
1068 1437 1136 1492 dua·

165 1521 217 1577 hus
233 1523 327 1596 capitis
343 1523 591 1594 dominationibus,
612 1524 724 1578 maxima
744 1530 772 1578 et
792 1521 893 1594 media,
915 1529 942 1578 et
958 1539 1013 1578 uon
1029 1520 1134 1577 utendo

165 1623 214 1680 per
230 1607 338 1662 modum
354 1616 382 1663 et
397 1617 514 1681 tempus.
539 1625 606 1680 quae
622 1608 711 1664 omnia
725 1613 819 1662 nostra
834 1607 929 1662 statuit
940 1599 1134 1663 constitutio.'·'

164 1692 229 1745 item
246 1689 338 1746 finitur
353 1691 543 1762 ususfructus,
559 1693 582 1748 si
597 1690 706 1747 domino
721 1692 896 1764 proprietatis
911 1690 943 1746 ab
959 1690 1135 1746 usufructua-

166 1775 207 1828 rio
223 1774 335 1828 cedatur
351 1773 423 1846 (nam
439 1783 567 1830 extraneo
590 1775 712 1832 cedendo
732 1775 801 1832 nihil
816 1773 931 1850 agiturl:
961 1775 1003 1831 vel
1020 1792 1052 1831 ex
1068 1791 1133 1830 con-

167 1860 248 1913 trario
275 1859 299 1913 si
325 1859 488 1915 fructuarius
512 1861 706 1934 proprietatem
731 1861 772 1916 rei
797 1860 970 1934 adquisierit,
997 1855 1066 1933 qna'e
1087 1876 1133 1914 res

165 1941 345 1999 consolidatio
360 1943 520 2017 appellatur.
552 1961 585 2001 ec
600 1944 715 2020 amplius
730 1953 852 2016 constat,
874 1946 898 2000 si
912 1943 991 2000 aedes
1006 1943 1132 2002 incendio

165 2036 342 2102 consumptae
367 2028 469 2086 fuerint
493 2027 536 2085 vel
561 2031 643 2086 etiam
659 2039 745 2086 terrae
761 2037 837 2085 motu
863 2038 909 2086 aut
924 2029 989 2086 vitio
1004 2045 1133 2100 succor-

165 2113 286 2186 ruerint,
308 2114 430 2188 extingui
452 2113 650 2170 usumfructum
667 2123 694 2170 et
710 2131 743 2170 oe
765 2129 842 2170 areae
864 2113 973 2188 quidem
994 2112 1132 2172 usumfru-

131 2206 147 2254 4
165 2205 237 2252 ctum
254 2196 356 2256 deberi.
395 2197 565 2256 domantem
582 2197 674 2254 finitus
689 2199 772 2254 fuerit
784 2198 968 2269 ususfructus,
984 2198 1133 2256 revertitur

106 2277 108 2281 ’
166 2281 269 2337 seilicet
289 2283 322 2338 ad
336 2285 531 2356 proprietatem
552 2291 580 2338 et
600 2300 632 2337 er
654 2298 686 2338 eo
704 2293 825 2356 tempore
847 2283 934 2340 nudae
954 2285 1132 2358 proprietatis

165 2365 291 2422 dominus
306 2368 399 2440 incipit
414 2367 520 2440 plenam
537 2366 635 2422 habere
649 2367 677 2422 iu
692 2384 722 2423 re
737 2375 911 2441 potestatem.

602 2563 659 2605 rm.
672 2564 699 2605 v.

407 2664 456 2715 DE
475 2663 548 2718 USU
565 2665 613 2717 ΕΤ
632 2665 893 2722 ΗΑΒΙΤΑΤῙΟΝΕ.

112 2815 148 2854 ῃ,
229 2788 326 2844 lisdem
341 2790 400 2844 istis
415 2788 516 2861 modis,
540 2789 637 2864 quibus
658 2789 829 2846 ususfructus
844 2792 1035 2863 constituitur,
1052 2793 1131 2847 etiam

164 2873 252 2928 nudus
269 2889 335 2928 osus
351 2875 481 2930 constitui
497 2874 586 2946 solet,
607 2873 757 2948 iisdemque
779 2875 832 2931 illis
848 2876 935 2931 modis
952 2873 1055 2947 linitur,
1072 2878 1131 2949 qui·

132 2971 145 3018 1
164 2957 215 3013 bus
231 2965 259 3012 et
275 2957 445 3014 ususfructus
461 2958 569 3015 desiuit.
607 2957 693 3014 llious
715 2967 803 3015 antem
819 2959 922 3016 scilicet
943 2961 1008 3016 iuris
1030 2962 1056 3016 io
1079 2977 1131 3016 usn

164 3049 302 3115 est‘quam
322 3042 350 3098 irr
371 3042 523 3099 usufructu.
561 3059 676 3115 namque
696 3045 734 3114 is,
761 3045 808 3118 qui
833 3043 911 3100 fundi
933 3043 1035 3100 nudum
1051 3061 1129 3100 usum

166 3124 259 3198 habet,
285 3125 353 3181 nihil
379 3125 494 3184 ulterius
522 3126 619 3184 habere
633 3128 828 3202 intellegetur,
856 3146 935 3203 qnam
952 3136 981 3184 ut
997 3128 1128 3200 oleribus,

164 3211 267 3284 pomis,
284 3209 412 3283 floribus,
428 3211 508 3284 feno,
524 3213 694 3299 stramentis,
715 3213 797 3287 liguis
812 3213 845 3268 ad
860 3231 939 3270 usum
954 3213 1130 3270 cottidianum

234 3407 253 3474 ¹)
272 3411 310 3460 sic
328 3417 353 3460 et
374 3409 484 3476 Theopd.
502 3427 537 3462 em
554 3413 657 3470 vitiosa,
676 3419 703 3462 ut
720 3414 819 3462 videtur
837 3413 982 3476 scriptura,
1002 3427 1056 3462 cnm
1073 3426 1130 3462 een·

162 3491 207 3526 sus
221 3479 323 3542 fiopttet
341 3483 368 3528 et
386 3479 456 3544 ipsa.
526 3476 546 3546 ²)
566 3481 599 3534 L.
619 3483 659 3555 id.
679 3479 706 3531 0.
726 3482 758 3530 de
775 3479 858 3542 usufr.
878 3480 913 3546 (3,
926 3479 977 3542 33).
