2484 3916
184 227 224 292 14
528 244 563 279 on
583 244 700 282 aurens
719 231 742 294 1,
763 233 803 282 to.

181 387 257 462 plum
272 384 347 443 liliac'
359 386 454 442 iuriosi
471 384 556 441 lilium
569 403 678 461 quoque
689 403 771 460 posse
787 394 815 445 et
826 389 885 444 sine
896 388 979 461 patris
994 389 1150 444 interventu
1223 421 1224 464 3

181 473 381 528 matrimonium
402 470 453 526 sibi
473 471 601 545 copulare
616 472 764 528 seeundum
788 471 879 528 datum
905 489 938 528 ex
953 474 1151 529 constitutione

181 555 300 612 modum.

148 655 161 702 1
247 635 337 714 ¹llrgo
353 657 409 696 uon
424 656 519 696 omnes
534 639 613 696 uobis
629 656 728 696 uxores
744 641 844 696 ducere
860 640 937 696 licet:
957 657 1017 697 nam
1030 657 1150 716 quarun-

181 724 241 780 dam
257 725 360 798 nuptiis
375 723 563 782 abstinendum
579 731 631 781 est.
661 726 798 780 intereas
819 726 890 782 enim
911 742 1057 799 personas,
1079 743 1149 799 quae
1224 793 1225 796 Ἴ

180 818 323 882 parentum
343 807 524 866 liberorumve
545 808 635 864 locum
655 810 727 864 inter
745 826 775 866 se
797 811 938 882 optinent,
959 811 1069 884 nuptiae
1084 827 1149 866 cou-

181 894 251 950 trahi
266 911 322 950 non
342 900 474 968 possunt,
497 893 581 948 veluti
602 894 673 949 inter
693 901 796 968 patrem
819 901 847 949 et
868 892 948 950 liliam
968 894 1011 950 vel
1026 911 1105 950 avum
1121 903 1149 950 et

180 985 290 1052 neptem
305 978 348 1034 vel
363 985 475 1034 matrem
496 985 523 1034 et
544 975 630 1034 filium
651 977 693 1034 vel
713 979 795 1034 aviam
817 986 845 1034 et
859 985 987 1052 nepotem
1011 985 1039 1034 et
1061 995 1148 1052 usque

180 1062 213 1117 ad
229 1060 376 1118 infinitum:
400 1070 428 1118 et
447 1063 471 1117 si
491 1061 559 1118 tales
574 1078 708 1136 personae
729 1064 801 1120 inter
815 1079 845 1118 se
860 1063 1006 1134 coierunt,
1032 1063 1147 1118 nefarias

180 1154 262 1219 atque
276 1149 393 1202 incestas
415 1147 523 1220 nuptias
544 1149 711 1204 contraxisse
731 1145 867 1203 dicuntur.
899 1155 927 1202 et
947 1147 1013 1204 haec
1027 1147 1095 1202 adeo
1109 1148 1147 1202 ita
1225 1147 1226 1180 ³

180 1238 259 1302 s'unt,
275 1238 322 1302 ut,
339 1232 459 1304 quamvis
475 1247 525 1305 per
539 1231 711 1305 adoptionem
733 1239 874 1306 parentum
889 1230 1069 1287 liberorumve
1085 1231 1147 1287 loeo

180 1314 230 1371 sibi
246 1331 306 1372 esse
321 1317 476 1390 coeperint,
491 1332 547 1372 non
561 1318 669 1390 possint
688 1318 759 1372 inter
772 1332 803 1372 se
818 1316 989 1372 matrimonio
1011 1317 1103 1390 iungi,
1118 1317 1147 1371 in
1209 1364 1212 1372 .

181 1407 302 1471 tantum,
324 1407 355 1456 ut
370 1402 449 1457 etiam
465 1401 598 1457 dissoluta
618 1401 765 1476 adoptione
779 1400 849 1456 idem
865 1401 932 1456 iuris
947 1408 1066 1456 maneat:
1096 1402 1147 1455 ita·

181 1501 234 1558 que
267 1501 340 1556 cam,
368 1501 436 1559 quac
468 1484 516 1542 tihi
541 1501 591 1560 per
617 1486 792 1560 adoptionem
822 1483 875 1540 lilia
899 1493 946 1541 aut
970 1486 1060 1558 neptis
1086 1501 1147 1540 esse
1226 1479 1227 1482 ’

180 1571 317 1643 coeperit,
344 1587 400 1626 non
425 1572 529 1644 poteris
558 1586 669 1626 uxorem
695 1569 810 1640 ducere,
837 1570 956 1644 quamvis
978 1585 1036 1625 eam
1056 1585 1148 1624 eman·

179 1655 319 1727 cipaveris.

146 1747 161 1795 2
243 1729 340 1792 ²lnter
355 1753 400 1794 eas
417 1755 527 1812 quoquc
541 1755 688 1813 personas,
704 1753 773 1810 quae
789 1753 821 1792 er
833 1745 987 1794 transverso
1000 1737 1086 1812 gradu
1101 1755 1147 1794 eo-

180 1823 316 1896 gnationis
330 1823 496 1896 iunguntur,
518 1830 561 1878 est
576 1821 707 1896 quaedam
727 1821 822 1878 similis
838 1821 1006 1894 observatio,
1026 1822 1074 1878 sed
1089 1839 1147 1878 non
1227 1827 1228 1848 ³

179 1913 261 1962 tauta.
299 1922 363 1962 sanc
378 1907 449 1962 enim
464 1906 538 1964 inter
550 1906 662 1963 fratrem
677 1921 854 1980 sororemque
869 1908 979 1981 nuptiae
993 1905 1146 1981 prohibitae

115 2027 117 2032 ,
179 1999 259 2063 sunt,
280 1992 337 2046 sive
357 1990 390 2046 ab
411 1990 506 2048 eodem
527 2000 604 2066 patre
619 1991 768 2065 eademque
782 1999 868 2047 matre
884 1993 939 2048 nati
953 1990 1072 2060 luerint,
1088 1992 1146 2046 sive

179 2093 212 2131 ex
228 2075 359 2132 alterutro
375 2092 480 2132 eorum.
511 2076 559 2132 sed
575 2079 597 2132 si
613 2093 665 2150 qua
679 2091 729 2150 per
739 2075 913 2149 adoptionem
927 2091 1008 2132 soror
1023 2073 1069 2130 tilri
1085 2091 1147 2130 esse
1228 2079 1229 2088 ’

178 2163 316 2236 coeperit,
342 2160 469 2234 quamdiu
491 2161 598 2236 quidem
619 2167 727 2217 constat
747 2159 874 2234 adoptio,
898 2177 963 2216 sane
983 2161 1054 2216 inter
1075 2167 1103 2214 te
1118 2168 1147 2214 et

179 2261 236 2300 eam
251 2247 362 2319 nuptiae
377 2247 528 2302 consistere
542 2263 598 2302 uon
613 2239 743 2318 possunt:
775 2261 836 2300 curn
851 2260 916 2300 vero
931 2261 981 2318 per
996 2245 1146 2317 emancipa-

180 2333 280 2384 tionem
296 2329 407 2402 adoptio
423 2328 555 2386 dissoluta
570 2331 622 2400 sit,
643 2329 746 2402 poteris
762 2345 820 2385 eam
836 2345 948 2385 uxorem
963 2329 1076 2386 ducere:
1093 2328 1143 2384 sed

179 2422 207 2468 et
221 2414 245 2467 si
260 2420 290 2468 tu
306 2415 486 2486 emancipatus
502 2414 602 2483 lueris,
628 2411 695 2469 nihil
711 2420 753 2468 est
772 2413 966 2487 impedimento
987 2413 1100 2486 nuptiis.
1116 2419 1146 2468 et

177 2496 239 2553 ideo
255 2504 376 2569 constat,
392 2499 415 2553 si
432 2499 492 2571 quis
508 2513 639 2572 generum
654 2497 783 2570 adoptare
797 2497 877 2570 velit,
892 2497 991 2554 debere
1006 2513 1068 2553 eum
1082 2504 1146 2552 ante

178 2579 260 2638 filiam
275 2597 350 2638 suam
365 2583 548 2655 emancipare:
578 2589 606 2638 et
626 2583 650 2638 si
670 2583 730 2656 quis
746 2581 811 2638 velit
825 2598 924 2638 nurum
938 2582 1083 2656 adoptare,
1099 2579 1146 2636 de·

144 2678 160 2726 3
178 2665 243 2723 bere
265 2683 328 2723 eum
350 2675 413 2723 ante
439 2665 524 2721 filium
544 2667 721 2740 emancipare.
758 2665 859 2722 Fratris
880 2666 922 2723 vel
943 2667 1046 2722 sororis
1061 2664 1145 2722 liliam

177 2768 290 2809 uxorem
305 2751 405 2808 ducere
420 2750 563 2807 nonlicet.
601 2751 650 2807 sed
671 2767 722 2806 noc
741 2758 850 2824 neptem
871 2751 961 2806 fratris
982 2749 1024 2806 vel
1040 2751 1145 2806 sororis

178 2836 277 2893 ducere
293 2837 353 2910 quis
374 2843 483 2909 potest,
509 2837 629 2910 quamvis
656 2842 752 2909 quarto
779 2834 865 2910 gradu
885 2836 949 2892 sint.
980 2835 1057 2891 euius
1073 2835 1146 2890 euim

178 2919 258 2977 tiliam
274 2937 387 2976 uxorem
401 2919 500 2976 ducere
514 2937 570 2976 non
584 2921 658 2992 lieet,
674 2921 732 2977 eius
744 2936 833 2993 neque
844 2927 953 2993 neptem
967 2919 1143 2994 permittitur.

178 3007 236 3062 eius
252 3021 317 3061 vcro
331 3005 468 3077 mulieris,
494 3017 575 3080 quarn
588 3011 666 3078 pater
680 3012 745 3060 tuus
760 3003 914 3078 adoptavit,
936 3003 1017 3060 liliam
1032 3020 1089 3060 nou
1107 3003 1146 3057 vi·

179 3090 250 3146 deris
265 3089 390 3164 impediri
404 3106 517 3146 uxorem
529 3089 644 3161 ducere,
660 3089 722 3163 quia
732 3105 822 3162 neque
837 3089 952 3144 naturali
967 3105 1057 3162 neque
1072 3087 1146 3144 cirili

143 3175 161 3222 4
178 3176 236 3231 iure
252 3174 300 3232 tibi
310 3176 495 3249 coniungitur.
512 3174 631 3231 lluorum
644 3182 734 3230 autem
746 3173 858 3228 fratrum
873 3173 916 3230 vel
928 3189 1055 3229 sororum
1067 3171 1146 3228 liberi

145 3261 160 3308 5
180 3259 221 3316 vel
236 3259 327 3316 fratris
343 3267 370 3316 ct
385 3260 487 3316 sororis
503 3261 581 3333 iungi
592 3266 717 3333 possunt.
741 3257 806 3314 ltem
823 3259 944 3330 amitam,
960 3259 1023 3314 licet
1039 3257 1147 3330 adopti-

248 3522 268 3592 ¹)
284 3527 343 3590 lere
361 3547 393 3568 =
412 3528 468 3580 Gai.
490 3528 512 3590 l,
532 3527 654 3578 ὅδ’-61,
723 3521 745 3590 ²)
761 3524 820 3587 fere
837 3543 870 3564 π
890 3522 946 3576 Gai.
966 3524 988 3580 l,
1007 3524 1049 3573 60.
1068 3523 1112 3572 21.
