2486 3916
509 218 678 255 fratruum.
1048 207 1088 258 IX

116 339 247 400 bratioue'
258 341 400 400 lecimus'.
424 343 457 416 ll,
474 343 525 417 20,
538 343 578 402 36
595 342 640 400 lin.
665 342 838 402 ‘huiusmodi
854 347 925 402 enim
941 352 1084 403 testamen·

117 437 208 484 torum
225 428 418 502 dispositiones
434 429 539 500 valere,
561 436 634 485 secta
649 446 772 486 meorum
788 437 941 504 temporum
964 447 1019 486 uon
1038 447 1084 505 pa·

117 510 217 568 titur'.
242 511 418 586 ll,23,12.
444 511 488 569 ‘et
511 530 578 586 uos,
600 512 716 570 eundem
738 515 886 589 principem
908 514 1083 589 (Augustum)

117 613 247 672 superare
268 597 466 653 contendentes
545 599 770 654 constitutionem
793 599 921 671 fecimus,
942 615 1087 673 perquam

118 679 331 756 disposuimus'.
364 681 419 738 Nec
434 697 476 738 me
492 681 548 738 lalli
564 683 678 756 opinor,
699 699 760 740 cum
776 683 895 740 eiusdem
911 682 1010 740 indolis
1026 701 1086 742 esse

117 766 225 837 iudico,
241 765 315 840 quod
330 768 438 840 saepius
453 768 583 842 sapientia
597 767 768 842 imperatoris
783 775 855 824 tecte
870 768 1009 840 laudatur,
1025 769 1086 825 rudi

118 850 313 925 discipulorum
327 851 439 926 ingenio
452 853 589 928 parcentis
604 851 625 924 l,
643 853 671 918 1,
688 851 715 908 2.
733 851 765 924 ll,
782 852 834 925 20,
846 852 873 910 3.
890 852 944 924 (lV,
958 853 1007 923 18,
1025 852 1085 926 12).

119 935 216 991 Totius
237 935 318 992 huius
341 937 449 1010 generis
470 953 527 992 nou
548 935 637 992 solum
665 938 692 992 in
713 936 788 992 libris
809 935 1008 1011 posterioribus
1029 936 1086 994 iere

118 1020 186 1076 nihil
201 1019 321 1094 legitur,
342 1020 390 1076 sed
405 1019 486 1076 etiam
502 1035 570 1095 quae
585 1029 650 1077 sunt
665 1021 692 1077 in
708 1021 855 1097 prioribus,
872 1038 902 1077 ca
916 1022 1085 1096 paraphrasis

119 1105 220 1160 Graeca
235 1121 430 1178 nonuunquam
446 1103 478 1159 ad
494 1106 635 1161 sanitatem
651 1123 681 1161 ac
696 1106 854 1162 modestiam
871 1105 988 1180 redegit.
1010 1105 1086 1161 Haud

117 1188 202 1263 longe
219 1185 332 1260 absunt,
353 1189 377 1244 si
398 1187 519 1263 linguam
541 1199 664 1262 spectas,
688 1189 842 1248 huiusmodi
864 1189 955 1264 (credo
977 1191 1086 1264 provin·
1169 1234 1172 1242 .

122 1269 215 1346 ciales)
231 1273 386 1329 soloecismi
402 1271 602 1330 ‘medevimus'
617 1274 651 1346 ll,
668 1272 719 1345 20,
736 1273 785 1332 27.
810 1271 989 1349 ‘praestavit'
1005 1273 1037 1344 ll,
1057 1278 1083 1347 l,

120 1355 170 1414 25.
188 1358 218 1430 7,
235 1357 263 1412 2.
287 1357 338 1429 19,
355 1358 383 1414 6.
407 1355 594 1432 ‘perinde
613 1356 683 1415 acsi'
705 1375 756 1432 pro
778 1356 907 1433 ‘perinde
928 1357 976 1415 ac’
991 1358 1017 1430 1,
1035 1359 1085 1431 12,

123 1441 253 1513 1.11,1,
276 1441 325 1500 33.
360 1442 415 1513 12,
441 1460 482 1516 pr.
500 1443 557 1514 23,
585 1442 613 1499 6.
648 1441 795 1498 ‘hactenus
827 1445 893 1500 iuris
924 1442 1021 1498 habet’
1053 1442 1085 1514 ll,

122 1525 151 1588 5,
169 1526 197 1582 2.
216 1524 402 1582 ‘libertatibus
417 1527 609 1600 impedientem
625 1535 653 1582 et
668 1525 866 1600 quodammodo
883 1524 1016 1582 invidam'
1033 1569 1040 1582 .
1055 1569 1061 1582 .
1078 1567 1084 1580 .

120 1608 267 1686 ‘impediat
296 1609 434 1668 libertati'
466 1610 561 1686 (igitur
581 1611 663 1667 dativi
689 1612 739 1666 rei
760 1610 915 1686 impeditae)
934 1641 970 1651 -
992 1627 1082 1682 omne,

118 1693 318 1769 posterioribus
349 1695 424 1751 libris
457 1695 552 1766 alieni3
578 1697 601 1752 si
631 1695 770 1772 ingenium
800 1696 963 1770 scriptoris,
994 1693 1086 1752 adulas

118 1781 181 1852 tio,
213 1795 266 1852 qua
300 1782 380 1836 etiam
419 1779 630 1853 Tribonianum,
662 1779 736 1836 nulla
770 1783 930 1837 necessitate
958 1789 1088 1854 cogente·

118 1865 161 1921 vel
182 1865 254 1920 iusta
274 1865 379 1921 ratione
408 1864 555 1938 suadente,
582 1866 690 1939 quoties
711 1872 822 1938 potest,
844 1865 947 1921 inducit
974 1866 1087 1938 eiusque

118 1949 215 2004 merita
250 1950 373 2022 extollit,
406 1949 480 2006 velut
500 1950 527 2022 l,
549 1949 578 2022 5,
607 1950 635 2008 3.
668 1947 712 2005 ‘et
737 1949 878 2006 dediticios
908 1948 1017 2023 quidem
1038 1965 1087 2024 per

118 2034 344 2090 constitutionem
371 2035 545 2108 expulimus,
578 2049 657 2108 quam
683 2033 913 2108 promulgavimus
942 2035 1014 2089 inter
1038 2050 1087 2089 no·

119 2123 190 2174 stras
220 2117 385 2192 decisiones,
416 2135 466 2194 per
495 2134 577 2192 quas,
608 2124 775 2193 suggerente
805 2115 883 2172 nobis
909 2116 1084 2189 Triboniano,

119 2203 177 2258 viro
207 2203 331 2276 excelso,
362 2211 523 2278 quaestore,
553 2201 657 2276 antiqui
685 2201 751 2256 iuris
781 2199 971 2256 altercationes
1000 2199 1087 2273 placa·
1128 2267 1130 2271 Ι

119 2289 217 2344 vimus.
267 2286 378 2344 Latinos
406 2296 496 2344 eutem
590 2285 640 2342 alia
670 2286 867 2342 constitutione
892 2301 941 2359 per
966 2284 1086 2341 eiusdem

119 2373 274 2446 quaestoris
290 2375 497 2448 suggestionem
513 2367 708 2428 comeuimus’.
739 2369 771 2444 ll,
787 2369 817 2442 8,
835 2369 862 2427 t.
887 2368 932 2426 ‘in
953 2371 1086 2426 constitu·

119 2457 211 2528 done,
233 2473 312 2530 quam
335 2457 367 2512 ad
382 2456 574 2513 Caesareenses
591 2456 734 2511 advocatos
750 2472 783 2511 ex
798 2456 977 2530 suggestione
993 2454 1088 2510 Tribo-

120 2542 208 2614 niaui,
228 2543 279 2596 viri
294 2542 515 2612 eminentissimi,
537 2541 690 2615 quaestoris
705 2542 775 2596 sacri
788 2539 881 2614 palatii
897 2539 1000 2611 nostri,
1024 2555 1087 2613 pro-

119 2625 329 2700 mulgavimus'.
352 2625 389 2696 ll,
407 2625 463 2698 23,
487 2625 537 2681 12.
562 2621 612 2682 ‘er
633 2625 720 2696 lactc,
744 2623 817 2698 quod
832 2623 1027 2695 tribonianus,
1047 2626 1088 2680 vir

121 2709 267 2782 excelsus,
299 2719 429 2784 quaestor
460 2711 529 2766 sacri
554 2709 645 2783 palatii
675 2709 831 2783 suggessit,
861 2709 1087 2765 constitutionem

120 2793 262 2850 lecimus'.
293 2793 323 2850 lu
339 2793 535 2870 posterioribus
556 2793 632 2850 libris
653 2791 861 2866 multaquideru
877 2807 1006 2848 novarum
1022 2807 1087 2848 con·
1127 2807 1129 2811 ’

120 2879 296 2935 stitutionem
322 2881 402 2936 etiam
422 2895 455 2936 eu
477 2887 637 2953 quaesturae
661 2876 815 2934 Triboniani
839 2891 927 2950 anno,
950 2876 1088 2934 interdum

121 2979 232 3038 quoque
247 2961 457 3038 ‘suggerentis'
478 2965 597 3036 mentio,
612 2961 745 3034 velutin,
761 2962 791 3033 2,
808 2963 836 3019 7.
854 2963 883 3032 6,
902 2963 949 3021 10.
966 2961 1015 3018 sed
1031 2969 1088 3018 tan·

119 3057 178 3104 tum
195 3047 420 3117 ‘humanitatis',
442 3061 579 3122 nunquam
596 3046 760 3104 Triboniaui.
791 3047 887 3104 Noune
902 3047 1017 3118 dixeris,
1038 3063 1087 3101 uo·

119 3133 174 3190 bile
189 3133 482 3208 constantinopolitani
497 3141 524 3190 et
539 3135 588 3190 iarn
605 3139 692 3188 aetate
714 3130 788 3204 (cum
804 3130 903 3204 ubique
917 3133 1009 3205 priore
1024 3131 1085 3188 loco

120 3216 288 3292 nominetur)
309 3219 488 3294 provectioris
509 3218 632 3292 magistri
652 3217 792 3291 ingenium
808 3217 860 3272 nisi
880 3215 944 3289 quid
964 3217 1022 3290 ipsa
1042 3232 1086 3271 res

119 3303 245 3360 mandata
259 3303 428 3378 postularet,
444 3309 590 3378 spectasse,
608 3309 702 3357 contra
717 3300 908 3374 provincialem
924 3301 1011 3374 gratia
1025 3299 1084 3355 'iri-

119 3387 229 3445 bouiaui
241 3389 269 3444 in
278 3388 479 3463 urbemregiam
486 3386 520 3442 ad
530 3387 582 3444 hoc
595 3403 663 3460 opus
670 3387 799 3458 accitum,
808 3385 873 3459 quid
884 3384 934 3441 sibi
940 3383 1002 3440 inde
1015 3381 1086 3440 ellici

120 3474 226 3548 possit,
242 3473 390 3530 sollicitum
413 3472 516 3530 luisse?
535 3487 586 3528 nec
606 3470 722 3547 lrustra,
743 3485 804 3526 cum
825 3467 895 3525 idem
915 3467 991 3524 solus
1012 3475 1086 3522 ante·
