2484 3916
114 161 159 227 44
388 175 424 208 on
445 171 541 210 annuat
559 171 707 207 n1v1s1orn
725 153 764 218 11,
781 159 808 224 ⁵1.

114 315 161 375 bet
176 316 351 374 substituere.
381 323 455 385 recte
470 315 540 370 enim
557 313 648 370 colere
664 310 744 368 debet
759 319 787 368 et
799 312 875 384 quasi
889 309 977 366 bonus
992 318 1084 384 pater·

115 401 226 460 familias
242 393 311 456 uti.¹

64 497 97 546 39
179 485 349 554 Thesauros,
374 501 442 556 quos
458 484 518 556 quis
533 483 561 538 in
576 497 627 538 suo
643 481 704 537 loeo
719 481 863 551 invenerit,
879 479 955 536 divus
971 479 1084 534 Hadria·

115 583 177 640 nus,
193 569 341 626 naturalem
353 569 517 640 aequitatem
533 575 655 636 secutus,
671 568 695 621 ei
709 566 856 636 concessit,
872 566 918 637 qui
935 565 1080 620 invenerit.

114 653 240 727 idemque
255 654 366 724 statuit,
386 654 408 708 si
425 653 484 726 quis
500 653 527 707 in
543 667 620 707 sacro
636 659 682 706 aut
697 652 724 705 in
739 649 871 724 religioso
887 649 948 704 loco
964 648 1085 704 fortuite

115 754 179 794 casu
204 738 345 794 invenerit.
388 745 414 792 at
440 737 463 792 si
489 735 549 808 quis
574 736 604 790 in
629 734 717 792 alieno
741 734 803 789 loco
827 750 882 789 non
904 732 965 788 data
980 732 1085 788 adhoc

116 838 213 896 opera,
228 821 277 878 sed
292 820 408 877 fortuitu
423 821 572 889 invenerit,
588 819 725 874 dimidium
741 817 851 874 domino
867 817 919 874 soli
934 818 1082 873 concessit.

115 913 143 961 et
157 907 368 975 convenienter,
391 906 414 960 si
435 905 494 976 quis
510 904 538 958 in
554 901 672 960 Caesaris
694 903 755 958 loeo
770 903 920 973 invenerit,
942 900 1083 956 dimidium

114 991 274 1062 inventoris,
291 988 429 1044 dimidium
441 987 560 1043 Caesaris
575 1003 636 1042 esse
647 989 751 1042 statuit.
790 988 833 1042 oui
848 987 1013 1042 conveniens
1030 994 1084 1055 cst,

115 1068 163 1128 et²
179 1076 201 1128 si
217 1075 277 1146 quis
289 1073 317 1127 in
332 1071 440 1145 publico
456 1072 517 1127 loeo
530 1071 572 1126 vel
587 1069 670 1127 fiscali
680 1072 828 1142 invenerit,
844 1069 983 1128 dimidium
997 1070 1083 1142 ipsius

116 1173 191 1226 esse,
207 1155 346 1212 dimidium
361 1155 419 1212 fisci
435 1157 477 1212 vel
493 1157 617 1212 civitatis.

64 1247 97 1295 40
180 1233 250 1295 3Per
264 1240 437 1296 traditionem
453 1256 562 1314 quoque
577 1241 637 1296 iure
652 1238 766 1295 naturali
782 1255 825 1294 res
841 1237 919 1296 nobis
936 1237 1084 1311 adquirun-

116 1333 174 1382 tur:
200 1323 267 1382 nihil
288 1325 360 1380 enim
380 1333 435 1380 tam
449 1326 613 1381 conveniens
637 1332 679 1380 est
698 1323 813 1380 naturali
833 1323 978 1396 aequitati,
1001 1339 1082 1396 quam

14 1433 16 1436 ·
67 1411 68 1415 ’
115 1408 281 1468 voluntatem
296 1407 410 1480 domini,
426 1409 542 1466 volentis
557 1425 615 1464 rem
630 1425 706 1464 suam
722 1410 750 1464 in
767 1408 848 1464 alium
863 1406 1022 1478 transferre,
1038 1423 1083 1462 ra-

114 1502 169 1550 tam
184 1493 286 1551 haberi.
325 1501 353 1550 et
368 1494 430 1550 ideo
451 1495 646 1566 cuiuscumque
667 1493 777 1566 generis
797 1493 832 1547 sit
854 1490 1002 1564 corporalis
1022 1507 1081 1562 res,

115 1577 185 1634 tradi
200 1585 294 1652 potest
309 1586 337 1633 et
353 1595 368 1634 a
383 1577 493 1634 domino
516 1578 612 1632 tradita
627 1577 767 1632 alienatur.
798 1578 890 1649 itaque
905 1575 1084 1648 stipendiaria

116 1671 225 1734 quoque
241 1669 269 1716 et
284 1660 426 1717 tributaria
440 1661 548 1734 praedia
564 1660 660 1716 eodem
675 1661 756 1716 modo
772 1661 932 1716 alienantur.
949 1667 1084 1716 vocantur

115 1752 204 1800 autem
231 1743 405 1816 stipendiaria
430 1753 458 1800 et
478 1743 617 1800 tributaria
638 1744 761 1817 praedia,
789 1762 857 1818 quae
881 1747 908 1800 in
934 1745 1081 1817 provinciis

115 1835 196 1898 sunt,
223 1830 294 1884 inter
316 1844 385 1900 quae
411 1844 461 1884 nec
487 1845 542 1884 non
558 1828 647 1884 Italica
669 1828 777 1902 praedia
792 1847 824 1884 ex
840 1837 933 1884 nostra
948 1831 1083 1884 constitn-

63 1919 94 1966 41
115 1906 209 1968 tione4
224 1911 299 1968 nulla
313 1911 463 1970 discentia
477 1919 529 1968 est.
567 1912 620 1969 Sed
636 1914 660 1968 si
672 1912 779 1986 quidem
794 1907 915 1970 excausa
927 1913 1082 1968 donationis

115 2005 161 2054 aut
187 1997 258 2054 dotis
285 2003 331 2052 ant
358 1995 478 2070 qnalibet
503 1997 554 2054 alia
580 2013 709 2054 excausa
729 1998 886 2068 tradantur,
912 1999 971 2052 sine
998 1997 1081 2052 dubie

114 2081 331 2140 transferuntur:
346 2081 469 2140 venditae
485 2099 549 2140 vero
565 2090 593 2138 et
608 2082 721 2139 traditae
736 2099 791 2150 non
812 2082 891 2137 aliter
905 2083 1020 2154 emptori
1036 2081 1082 2136 ad·

116 2168 277 2238 quiruntur,
295 2183 374 2240 quam
389 2169 413 2222 si
428 2168 451 2222 is
461 2167 596 2224 venditori
612 2168 729 2240 pretium
744 2167 857 2222 solverit
872 2165 915 2221 vei
930 2167 982 2220 alio
998 2165 1081 2220 modo

115 2251 140 2305 ei
161 2251 339 2320 satisfecerit,
366 2251 451 2306 veluti
472 2252 671 2324 expromissore
691 2259 737 2306 aut
757 2251 873 2325 pignore
895 2249 968 2306 dato.
1007 2249 1082 2322 quod
1138 2295 1140 2299 .

115 2341 224 2388 cavetur
239 2333 348 2406 quidem
362 2335 443 2390 etiam
465 2335 527 2407 lege
548 2333 690 2391 duodecim
705 2334 871 2390 tabulam:
901 2341 990 2390 tamen
1005 2343 1082 2390 reete

115 2416 213 2472 dicitur
229 2423 256 2471 et
271 2417 331 2474 iure
347 2419 485 2490 gentium,
501 2417 528 2472 id
544 2425 586 2474 est
600 2419 659 2474 iure
674 2419 804 2490 naturali,
820 2418 848 2474 id
864 2416 944 2474 effici.
968 2419 1016 2474 sed
1032 2413 1083 2490 et⁵

115 2502 138 2554 si
153 2501 192 2571 is,
209 2501 255 2574 qui
271 2499 406 2572 vendidit,
430 2499 510 2556 fidem
531 2503 662 2576 emptoris
683 2511 793 2559 secutus
809 2504 909 2574 inerit,
935 2501 1080 2558 dicendum

63 2591 96 2638 42
115 2592 173 2655 est,
190 2586 280 2640 statim
295 2601 351 2639 rem
367 2587 497 2658 emptoris
513 2583 581 2642 fieri.
619 2579 709 2642 ⁶Nihil
730 2595 819 2644 autem
839 2589 970 2658 interest,
988 2594 1080 2642 utrum

63 2677 96 2725 43
114 2669 171 2742 ipse
187 2669 311 2726 dominus
327 2669 414 2726 tradat
435 2669 513 2725 alicui
530 2687 603 2742 rem,
625 2688 658 2726 an
679 2671 818 2728 voluntate
834 2672 891 2728 eius
908 2671 984 2728 alius.
1023 2669 1082 2738 Qua

114 2755 236 2826 ratione,
259 2755 281 2810 si
297 2755 340 2810 cui
355 2753 439 2810 libera
454 2755 629 2828 negotiorum
645 2755 840 2812 administra-tio
857 2773 871 2811 a
893 2756 1003 2812 domino
1018 2772 1082 2830 per·

183 3030 203 3099 ¹)
221 3035 291 3084 Huic
313 3037 416 3086 lectioni
432 3039 540 3087 maxime
561 3037 634 3099 fovet
658 3037 770 3100 t'aeopt.
793 3037 835 3086 uti
857 3037 940 3088 debet
964 3037 1019 3087 ΑΤ
1038 3039 1079 3088 ed.

112 3101 164 3152 Kr.
184 3107 314 3166 utrumqne
333 3119 379 3156 om
398 3103 424 3152 B
446 3107 487 3155 ed.
512 3103 586 3157 Salo·
667 3103 687 3166 ²)
706 3105 752 3154 Em
779 3105 891 3169 I’Iaeopd.
910 3109 941 3154 ut
959 3105 1034 3155 codd.
1054 3112 1079 3155 et

114 3171 171 3218 edd
243 3168 338 3232 3)ἱηί4.
356 3192 390 3211 =
407 3173 440 3222 L.
459 3175 486 3222 9.
504 3171 528 3232 ἕ.
547 3174 571 3221 3.
590 3173 623 3220 J).
643 3173 674 3221 de
693 3188 749 3236 aeq
768 3188 822 3222 rer.
842 3175 908 3224 dom
927 3171 1080 3235 (41,1)<εσ.1

115 3231 174 3286 uait
196 3240 211 3286 i
231 3239 246 3286 2
269 3253 322 3286 rer
346 3245 413 3316 qqot.
500 3234 522 3304 ⁴)
540 3240 573 3292 L.
597 3256 638 3289 un.
659 3239 686 3288 0
709 3242 741 3290 de
763 3255 833 3289 usuc.
856 3240 952 3302 transf.
972 3240 1006 3302 (7,
1025 3239 1079 3302 31).

113 3300 132 3363 5)
151 3319 186 3352 ece
208 3303 318 3368 Theonis.
337 3295 534 3356 advectiones
551 3299 839 3357 anteasldeaetsec
862 3307 938 3357 Febr.
958 3305 1067 3358 sedle
1022 3312 1079 3372 ple-

112 3371 185 3434 rique
204 3373 279 3424 codd.
298 3373 357 3421 edd.
376 3373 451 3426 Setr
476 3379 501 3423 et
518 3373 569 3424 Kr.
640 3368 719 3437 )⁸§§.
737 3375 799 3426 42..
808 3376 853 3424 ,46
869 3376 980 3437 fere-
947 3405 980 3414 -
998 3375 1031 3424 L.
1052 3377 1078 3427 9.

116 3436 156 3496 ἐξ.
174 3439 220 3486 4..
229 3440 266 3488 ,7.
285 3439 319 3488 D.
340 3441 371 3489 de
390 3456 447 3505 aeq.
465 3456 520 3491 rer.
539 3442 604 3491 dom.
624 3440 674 3504 (41,
694 3439 719 3503 1)
738 3457 772 3490 erc
793 3441 851 3491 Gaii
868 3444 884 3494 i.
903 3443 918 3490 2
936 3457 990 3494 rer.
1010 3447 1080 3508 quot.
