<?xml version="1.0" encoding="UTF-8"?>
<!DOCTYPE html PUBLIC "-//W3C//DTD XHTML 1.0 Transitional//EN"
    "http://www.w3.org/TR/xhtml1/DTD/xhtml1-transitional.dtd">
<html xmlns="http://www.w3.org/1999/xhtml" xml:lang="en" lang="en">
 <head>
  <title>
</title>
<meta http-equiv="Content-Type" content="text/html;charset=utf-8" />
  <meta name='ocr-system' content='tesseract 3.04.00' />
  <meta name='ocr-capabilities' content='ocr_page ocr_carea ocr_par ocr_line ocrx_word'/>
</head>
<body>
  <div class='ocr_page' id='page_1' title='image "./impivstinianiin00huscgoog_0185.png"; bbox 0 0 2484 3916; ppageno 0'>
   <div class='ocr_carea' id='block_1_1' title="bbox 131 115 924 183">
    <p class='ocr_par' dir='ltr' id='par_1_1' title="bbox 131 115 924 183">
     <span class='ocr_line' id='line_1_1' title="bbox 131 115 924 183; baseline -0.005 -12"><span class='ocrx_word' id='word_1_1' title='bbox 131 118 173 183; x_wconf 87' lang='grc'><strong>56</strong></span> <span class='ocrx_word' id='word_1_2' title='bbox 301 133 406 179; x_wconf 77' lang='lat' dir='ltr'><strong>oureus</strong></span> <span class='ocrx_word' id='word_1_3' title='bbox 425 131 566 168; x_wconf 72' lang='lat' dir='ltr'><strong>auruncus</strong></span> <span class='ocrx_word' id='word_1_4' title='bbox 586 133 670 168; x_wconf 80' lang='lat' dir='ltr'><strong>menn</strong></span> <span class='ocrx_word' id='word_1_5' title='bbox 689 132 744 166; x_wconf 82' lang='lat' dir='ltr'><strong>run</strong></span> <span class='ocrx_word' id='word_1_6' title='bbox 764 131 819 166; x_wconf 87' lang='lat' dir='ltr'><strong>uon</strong></span> <span class='ocrx_word' id='word_1_7' title='bbox 839 115 877 175; x_wconf 90' lang='lat'><strong>11,</strong></span> <span class='ocrx_word' id='word_1_8' title='bbox 896 117 924 167; x_wconf 92' lang='lat'><strong>8.</strong></span> 
     </span>
    </p>
   </div>
   <div class='ocr_carea' id='block_1_2' title="bbox 95 269 1123 2278">
    <p class='ocr_par' dir='ltr' id='par_1_2' title="bbox 95 269 1123 2278">
     <span class='ocr_line' id='line_1_2' title="bbox 131 269 1123 348; baseline -0.006 -18"><span class='ocrx_word' id='word_1_9' title='bbox 131 277 185 330; x_wconf 92' lang='lat' dir='ltr'><strong>boc</strong></span> <span class='ocrx_word' id='word_1_10' title='bbox 200 275 314 330; x_wconf 77' lang='lat' dir='ltr'><strong>forsitan</strong></span> <span class='ocrx_word' id='word_1_11' title='bbox 329 275 390 330; x_wconf 90' lang='lat' dir='ltr'><strong>ideo</strong></span> <span class='ocrx_word' id='word_1_12' title='bbox 406 273 512 329; x_wconf 90' lang='lat' dir='ltr'><strong>videtur</strong></span> <span class='ocrx_word' id='word_1_13' title='bbox 526 272 600 345; x_wconf 87' lang='lat' dir='ltr'><strong>fieri,</strong></span> <span class='ocrx_word' id='word_1_14' title='bbox 622 272 696 348; x_wconf 91' lang='lat' dir='ltr'><strong>quod</strong></span> <span class='ocrx_word' id='word_1_15' title='bbox 711 273 852 328; x_wconf 89' lang='lat' dir='ltr'><strong>voluntate</strong></span> <span class='ocrx_word' id='word_1_16' title='bbox 874 269 1015 326; x_wconf 80' lang='lat' dir='ltr'>debitoris</span> <span class='ocrx_word' id='word_1_17' title='bbox 1033 269 1123 326; x_wconf 78' lang='lat' dir='ltr'><strong>tirtel·</strong></span> 
     </span>
     <span class='ocr_line' id='line_1_3' title="bbox 131 357 1121 432; baseline -0.005 -20"><span class='ocrx_word' id='word_1_18' title='bbox 131 357 234 430; x_wconf 83' lang='lat' dir='ltr'><strong>legitur</strong></span> <span class='ocrx_word' id='word_1_19' title='bbox 257 361 356 432; x_wconf 83' lang='lat' dir='ltr'><strong>pignus</strong></span> <span class='ocrx_word' id='word_1_20' title='bbox 378 358 508 428; x_wconf 89' lang='lat' dir='ltr'><strong>alienare,</strong></span> <span class='ocrx_word' id='word_1_21' title='bbox 530 359 576 431; x_wconf 88' lang='lat' dir='ltr'><strong>qui</strong></span> <span class='ocrx_word' id='word_1_22' title='bbox 596 357 628 412; x_wconf 89' lang='lat' dir='ltr'><strong>ab</strong></span> <span class='ocrx_word' id='word_1_23' title='bbox 649 358 726 412; x_wconf 88' lang='lat' dir='ltr'><strong>initio</strong></span> <span class='ocrx_word' id='word_1_24' title='bbox 749 363 909 414; x_wconf 85' lang='lat' dir='ltr'><strong>contractus</strong></span> <span class='ocrx_word' id='word_1_25' title='bbox 935 361 1037 428; x_wconf 89' lang='lat' dir='ltr'><strong>pactus</strong></span> <span class='ocrx_word' id='word_1_26' title='bbox 1060 361 1121 422; x_wconf 89' lang='lat' dir='ltr'><strong>est,</strong></span> 
     </span>
     <span class='ocr_line' id='line_1_4' title="bbox 131 439 1118 534; baseline -0.002 -40"><span class='ocrx_word' id='word_1_27' title='bbox 131 448 163 495; x_wconf 90' lang='lat' dir='ltr'><strong>ut</strong></span> <span class='ocrx_word' id='word_1_28' title='bbox 177 441 270 497; x_wconf 86' lang='lat' dir='ltr'><strong>liceret</strong></span> <span class='ocrx_word' id='word_1_29' title='bbox 292 441 420 509; x_wconf 75' lang='lat' dir='ltr'>creditori</span> <span class='ocrx_word' id='word_1_30' title='bbox 439 442 540 515; x_wconf 80' lang='lat' dir='ltr'><strong>pignus</strong></span> <span class='ocrx_word' id='word_1_31' title='bbox 555 439 687 511; x_wconf 86' lang='lat' dir='ltr'><strong>vendere,</strong></span> <span class='ocrx_word' id='word_1_32' title='bbox 709 441 734 496; x_wconf 91' lang='lat' dir='ltr'><strong>si</strong></span> <span class='ocrx_word' id='word_1_33' title='bbox 755 441 871 514; x_wconf 84' lang='lat' dir='ltr'><strong>pecunia</strong></span> <span class='ocrx_word' id='word_1_34' title='bbox 891 455 951 495; x_wconf 93' lang='lat' dir='ltr'><strong>non</strong></span> <span class='ocrx_word' id='word_1_35' title='bbox 974 439 1118 534; x_wconf 76' lang='lat' dir='ltr'><strong>solvatur.</strong></span> 
     </span>
     <span class='ocr_line' id='line_1_5' title="bbox 130 521 1121 620; baseline -0.001 -43"><span class='ocrx_word' id='word_1_36' title='bbox 130 523 227 580; x_wconf 89' lang='lat' dir='ltr'><strong>sedne</strong></span> <span class='ocrx_word' id='word_1_37' title='bbox 243 525 391 582; x_wconf 80' lang='lat' dir='ltr'><strong>creditores</strong></span> <span class='ocrx_word' id='word_1_38' title='bbox 406 526 447 580; x_wconf 91' lang='lat' dir='ltr'><strong>ius</strong></span> <span class='ocrx_word' id='word_1_39' title='bbox 463 541 543 580; x_wconf 92' lang='lat' dir='ltr'><strong>suum</strong></span> <span class='ocrx_word' id='word_1_40' title='bbox 562 526 690 598; x_wconf 87' lang='lat' dir='ltr'><strong>persequi</strong></span> <span class='ocrx_word' id='word_1_41' title='bbox 710 524 912 598; x_wconf 81' lang='lat' dir='ltr'><strong>impedirentur</strong></span> <span class='ocrx_word' id='word_1_42' title='bbox 927 539 1022 620; x_wconf 60' lang='lat' dir='ltr'><strong>neque</strong></span> <span class='ocrx_word' id='word_1_43' title='bbox 1040 521 1121 577; x_wconf 85' lang='lat' dir='ltr'><strong>debr·</strong></span> 
     </span>
     <span class='ocr_line' id='line_1_6' title="bbox 130 607 1120 704; baseline -0.001 -44"><span class='ocrx_word' id='word_1_44' title='bbox 130 614 204 662; x_wconf 90' lang='lat' dir='ltr'><strong>tores</strong></span> <span class='ocrx_word' id='word_1_45' title='bbox 230 616 332 666; x_wconf 88' lang='lat' dir='ltr'><strong>temere</strong></span> <span class='ocrx_word' id='word_1_46' title='bbox 357 625 466 666; x_wconf 88' lang='lat' dir='ltr'><strong>suarum</strong></span> <span class='ocrx_word' id='word_1_47' title='bbox 495 626 587 665; x_wconf 91' lang='lat' dir='ltr'><strong>rerum</strong></span> <span class='ocrx_word' id='word_1_48' title='bbox 616 609 764 664; x_wconf 90' lang='lat' dir='ltr'><strong>dominium</strong></span> <span class='ocrx_word' id='word_1_49' title='bbox 794 609 923 664; x_wconf 88' lang='lat' dir='ltr'><strong>amittere</strong></span> <span class='ocrx_word' id='word_1_50' title='bbox 954 607 1120 704; x_wconf 65' lang='lat' dir='ltr'><strong>videantur,</strong></span> 
     </span>
     <span class='ocr_line' id='line_1_7' title="bbox 130 685 1120 786; baseline 0 -42"><span class='ocrx_word' id='word_1_51' title='bbox 130 698 223 746; x_wconf 91' lang='lat' dir='ltr'><strong>nostra</strong></span> <span class='ocrx_word' id='word_1_52' title='bbox 238 685 453 750; x_wconf 86' lang='lat' dir='ltr'><strong>constitutione¹</strong></span> <span class='ocrx_word' id='word_1_53' title='bbox 468 693 623 749; x_wconf 89' lang='lat' dir='ltr'><strong>consultum</strong></span> <span class='ocrx_word' id='word_1_54' title='bbox 639 699 681 750; x_wconf 85' lang='lat' dir='ltr'><strong>est</strong></span> <span class='ocrx_word' id='word_1_55' title='bbox 692 700 720 749; x_wconf 91' lang='lat' dir='ltr'><strong>et</strong></span> <span class='ocrx_word' id='word_1_56' title='bbox 736 699 828 750; x_wconf 91' lang='lat' dir='ltr'><strong>certus</strong></span> <span class='ocrx_word' id='word_1_57' title='bbox 844 691 946 748; x_wconf 91' lang='lat' dir='ltr'><strong>modus</strong></span> <span class='ocrx_word' id='word_1_58' title='bbox 962 698 1120 786; x_wconf 78' lang='lat' dir='ltr'><strong>impositus</strong></span> 
     </span>
     <span class='ocr_line' id='line_1_8' title="bbox 130 775 1119 852; baseline 0.002 -25"><span class='ocrx_word' id='word_1_59' title='bbox 130 780 187 843; x_wconf 86' lang='lat' dir='ltr'><strong>est,</strong></span> <span class='ocrx_word' id='word_1_60' title='bbox 208 793 357 850; x_wconf 88' lang='lat' dir='ltr'><strong>perquem</strong></span> <span class='ocrx_word' id='word_1_61' title='bbox 383 779 531 852; x_wconf 81' lang='lat' dir='ltr'><strong>pignorum</strong></span> <span class='ocrx_word' id='word_1_62' title='bbox 552 777 690 834; x_wconf 87' lang='lat' dir='ltr'><strong>distractio</strong></span> <span class='ocrx_word' id='word_1_63' title='bbox 716 779 806 852; x_wconf 86' lang='lat' dir='ltr'><strong>possit</strong></span> <span class='ocrx_word' id='word_1_64' title='bbox 831 775 1006 850; x_wconf 88' lang='lat' dir='ltr'><strong>procedere,</strong></span> <span class='ocrx_word' id='word_1_65' title='bbox 1034 791 1119 830; x_wconf 87' lang='lat' dir='ltr'><strong>curus</strong></span> 
     </span>
     <span class='ocr_line' id='line_1_9' title="bbox 128 859 1121 958; baseline 0.002 -48"><span class='ocrx_word' id='word_1_66' title='bbox 128 862 224 913; x_wconf 89' lang='lat' dir='ltr'><strong>tenore</strong></span> <span class='ocrx_word' id='word_1_67' title='bbox 245 863 357 934; x_wconf 86' lang='lat' dir='ltr'><strong>utrique</strong></span> <span class='ocrx_word' id='word_1_68' title='bbox 377 861 449 934; x_wconf 86' lang='lat' dir='ltr'><strong>parti</strong></span> <span class='ocrx_word' id='word_1_69' title='bbox 463 861 629 917; x_wconf 90' lang='lat' dir='ltr'><strong>creditorum</strong></span> <span class='ocrx_word' id='word_1_70' title='bbox 645 868 672 917; x_wconf 91' lang='lat' dir='ltr'><strong>et</strong></span> <span class='ocrx_word' id='word_1_71' title='bbox 688 861 844 917; x_wconf 87' lang='lat' dir='ltr'><strong>debitorum</strong></span> <span class='ocrx_word' id='word_1_72' title='bbox 858 861 927 953; x_wconf 83' lang='lat' dir='ltr'><strong>satis</strong></span> <span class='ocrx_word' id='word_1_73' title='bbox 942 859 1121 958; x_wconf 77' lang='lat' dir='ltr'><strong>abundeque</strong></span> 
     </span>
     <span class='ocr_line' id='line_1_10' title="bbox 95 937 1120 1042; baseline 0.006 -50"><span class='ocrx_word' id='word_1_74' title='bbox 95 938 263 1010; x_wconf 80' lang='lat' dir='ltr'><strong>2provisum</strong></span> <span class='ocrx_word' id='word_1_75' title='bbox 281 953 333 1000; x_wconf 88' lang='lat' dir='ltr'><strong>est.</strong></span> <span class='ocrx_word' id='word_1_76' title='bbox 371 937 468 1000; x_wconf 75' lang='grc' dir='ltr'><strong>2Νιιηο</strong></span> <span class='ocrx_word' id='word_1_77' title='bbox 482 945 643 1002; x_wconf 88' lang='lat' dir='ltr'><strong>admonendi</strong></span> <span class='ocrx_word' id='word_1_78' title='bbox 658 963 769 1018; x_wconf 85' lang='lat' dir='ltr'><strong>sumus,</strong></span> <span class='ocrx_word' id='word_1_79' title='bbox 789 961 881 1018; x_wconf 89' lang='lat' dir='ltr'><strong>neque</strong></span> <span class='ocrx_word' id='word_1_80' title='bbox 902 945 1044 1042; x_wconf 81' lang='lat' dir='ltr'><strong>pupillum</strong></span> <span class='ocrx_word' id='word_1_81' title='bbox 1066 959 1120 998; x_wconf 92' lang='lat' dir='ltr'><strong>ne·</strong></span> 
     </span>
     <span class='ocr_line' id='line_1_11' title="bbox 127 1027 1118 1124; baseline 0.004 -47"><span class='ocrx_word' id='word_1_82' title='bbox 127 1037 179 1093; x_wconf 89' lang='lat' dir='ltr'><strong>que</strong></span> <span class='ocrx_word' id='word_1_83' title='bbox 194 1027 325 1099; x_wconf 88' lang='lat' dir='ltr'><strong>pupillam</strong></span> <span class='ocrx_word' id='word_1_84' title='bbox 339 1027 420 1085; x_wconf 82' lang='lat' dir='ltr'><strong>ullam</strong></span> <span class='ocrx_word' id='word_1_85' title='bbox 436 1045 493 1084; x_wconf 90' lang='lat' dir='ltr'><strong>rem</strong></span> <span class='ocrx_word' id='word_1_86' title='bbox 508 1030 566 1084; x_wconf 88' lang='lat' dir='ltr'><strong>sine</strong></span> <span class='ocrx_word' id='word_1_87' title='bbox 581 1031 681 1085; x_wconf 90' lang='lat' dir='ltr'><strong>tutoris</strong></span> <span class='ocrx_word' id='word_1_88' title='bbox 697 1029 860 1086; x_wconf 89' lang='lat' dir='ltr'><strong>auctoritate</strong></span> <span class='ocrx_word' id='word_1_89' title='bbox 875 1029 1000 1084; x_wconf 84' lang='lat' dir='ltr'><strong>altenare</strong></span> <span class='ocrx_word' id='word_1_90' title='bbox 1015 1043 1118 1124; x_wconf 81' lang='lat' dir='ltr'><strong>posse.</strong></span> 
     </span>
     <span class='ocr_line' id='line_1_12' title="bbox 126 1103 1121 1208; baseline 0.008 -50"><span class='ocrx_word' id='word_1_91' title='bbox 126 1103 242 1179; x_wconf 90' lang='lat' dir='ltr'><strong>ideoque</strong></span> <span class='ocrx_word' id='word_1_92' title='bbox 263 1112 287 1164; x_wconf 90' lang='lat' dir='ltr'><strong>si</strong></span> <span class='ocrx_word' id='word_1_93' title='bbox 308 1118 431 1166; x_wconf 87' lang='lat' dir='ltr'><strong>mutuam</strong></span> <span class='ocrx_word' id='word_1_94' title='bbox 457 1113 598 1186; x_wconf 91' lang='lat' dir='ltr'><strong>pecuniam</strong></span> <span class='ocrx_word' id='word_1_95' title='bbox 624 1114 704 1170; x_wconf 90' lang='lat' dir='ltr'><strong>alicui</strong></span> <span class='ocrx_word' id='word_1_96' title='bbox 728 1115 787 1169; x_wconf 90' lang='lat' dir='ltr'><strong>siue</strong></span> <span class='ocrx_word' id='word_1_97' title='bbox 812 1113 916 1168; x_wconf 87' lang='lat' dir='ltr'><strong>tutoris</strong></span> <span class='ocrx_word' id='word_1_98' title='bbox 944 1118 1121 1208; x_wconf 78' lang='lat' dir='ltr'><strong>auctoritate</strong></span> 
     </span>
     <span class='ocr_line' id='line_1_13' title="bbox 125 1185 1121 1294; baseline 0.01 -54"><span class='ocrx_word' id='word_1_99' title='bbox 125 1185 246 1263; x_wconf 84' lang='lat' dir='ltr'><strong>dederit,</strong></span> <span class='ocrx_word' id='word_1_100' title='bbox 267 1211 324 1250; x_wconf 89' lang='lat' dir='ltr'><strong>non</strong></span> <span class='ocrx_word' id='word_1_101' title='bbox 340 1197 478 1251; x_wconf 81' lang='lat' dir='ltr'><strong>contrahit</strong></span> <span class='ocrx_word' id='word_1_102' title='bbox 493 1195 703 1270; x_wconf 76' lang='lat' dir='ltr'><strong>obligationem,</strong></span> <span class='ocrx_word' id='word_1_103' title='bbox 724 1199 788 1270; x_wconf 84' lang='lat' dir='ltr'><strong>quia</strong></span> <span class='ocrx_word' id='word_1_104' title='bbox 808 1198 955 1294; x_wconf 82' lang='lat' dir='ltr'><strong>pecuniam</strong></span> <span class='ocrx_word' id='word_1_105' title='bbox 971 1213 1031 1294; x_wconf 81' lang='lat' dir='ltr'><strong>non</strong></span> <span class='ocrx_word' id='word_1_106' title='bbox 1048 1195 1121 1250; x_wconf 79' lang='lat' dir='ltr'><strong>facit</strong></span> 
     </span>
     <span class='ocr_line' id='line_1_14' title="bbox 125 1272 1119 1378; baseline 0.011 -55"><span class='ocrx_word' id='word_1_107' title='bbox 125 1272 294 1347; x_wconf 73' lang='lat' dir='ltr'><strong>accipiendo,</strong></span> <span class='ocrx_word' id='word_1_108' title='bbox 317 1279 438 1353; x_wconf 90' lang='lat' dir='ltr'><strong>ideoque</strong></span> <span class='ocrx_word' id='word_1_109' title='bbox 453 1280 579 1336; x_wconf 83' lang='lat' dir='ltr'><strong>vindicari</strong></span> <span class='ocrx_word' id='word_1_110' title='bbox 594 1273 716 1336; x_wconf 78' lang='lat' dir='ltr'><strong>nummi³</strong></span> <span class='ocrx_word' id='word_1_111' title='bbox 736 1289 870 1354; x_wconf 83' lang='lat' dir='ltr'><strong>possunt,</strong></span> <span class='ocrx_word' id='word_1_112' title='bbox 892 1281 985 1378; x_wconf 64' lang='lat' dir='ltr'><strong>sicubi</strong></span> <span class='ocrx_word' id='word_1_113' title='bbox 999 1287 1119 1335; x_wconf 84' lang='lat' dir='ltr'><strong>extent:</strong></span> 
     </span>
     <span class='ocr_line' id='line_1_15' title="bbox 123 1354 1120 1460; baseline 0.01 -53"><span class='ocrx_word' id='word_1_114' title='bbox 123 1354 171 1408; x_wconf 90' lang='lat' dir='ltr'><strong>sed</strong></span> <span class='ocrx_word' id='word_1_115' title='bbox 186 1358 209 1412; x_wconf 90' lang='lat' dir='ltr'><strong>si</strong></span> <span class='ocrx_word' id='word_1_116' title='bbox 226 1364 346 1433; x_wconf 89' lang='lat' dir='ltr'><strong>nummi,</strong></span> <span class='ocrx_word' id='word_1_117' title='bbox 369 1379 440 1436; x_wconf 91' lang='lat' dir='ltr'><strong>quos</strong></span> <span class='ocrx_word' id='word_1_118' title='bbox 461 1371 570 1419; x_wconf 87' lang='lat' dir='ltr'><strong>mutuos</strong></span> <span class='ocrx_word' id='word_1_119' title='bbox 591 1363 680 1435; x_wconf 89' lang='lat' dir='ltr'><strong>dedit,</strong></span> <span class='ocrx_word' id='word_1_120' title='bbox 702 1365 800 1436; x_wconf 87' lang='lat' dir='ltr'><strong>abeo,</strong></span> <span class='ocrx_word' id='word_1_121' title='bbox 823 1365 1016 1438; x_wconf 77' lang='lat' dir='ltr'><strong>quiacceprt,</strong></span> <span class='ocrx_word' id='word_1_122' title='bbox 1040 1363 1120 1460; x_wconf 78' lang='lat' dir='ltr'><strong>bona</strong></span> 
     </span>
     <span class='ocr_line' id='line_1_16' title="bbox 122 1433 1120 1546; baseline 0.014 -58"><span class='ocrx_word' id='word_1_123' title='bbox 122 1433 175 1492; x_wconf 83' lang='lat' dir='ltr'><strong>lide</strong></span> <span class='ocrx_word' id='word_1_124' title='bbox 197 1447 354 1519; x_wconf 81' lang='lat' dir='ltr'><strong>consumpti</strong></span> <span class='ocrx_word' id='word_1_125' title='bbox 375 1455 458 1518; x_wconf 83' lang='lat' dir='ltr'><strong>sunt,</strong></span> <span class='ocrx_word' id='word_1_126' title='bbox 477 1447 583 1504; x_wconf 89' lang='lat' dir='ltr'><strong>condici</strong></span> <span class='ocrx_word' id='word_1_127' title='bbox 602 1457 734 1522; x_wconf 86' lang='lat' dir='ltr'><strong>possunt,</strong></span> <span class='ocrx_word' id='word_1_128' title='bbox 754 1451 778 1504; x_wconf 89' lang='lat' dir='ltr'><strong>si</strong></span> <span class='ocrx_word' id='word_1_129' title='bbox 799 1449 869 1504; x_wconf 86' lang='lat' dir='ltr'><strong>mula</strong></span> <span class='ocrx_word' id='word_1_130' title='bbox 884 1446 958 1520; x_wconf 86' lang='lat' dir='ltr'><strong>fide,</strong></span> <span class='ocrx_word' id='word_1_131' title='bbox 982 1447 1017 1503; x_wconf 85' lang='lat' dir='ltr'><strong>ad</strong></span> <span class='ocrx_word' id='word_1_132' title='bbox 1034 1449 1120 1546; x_wconf 78' lang='lat' dir='ltr'><strong>exbr-</strong></span> 
     </span>
     <span class='ocr_line' id='line_1_17' title="bbox 120 1517 1119 1630; baseline 0.014 -56"><span class='ocrx_word' id='word_1_133' title='bbox 120 1517 238 1582; x_wconf 89' lang='lat' dir='ltr'><strong>bendum</strong></span> <span class='ocrx_word' id='word_1_134' title='bbox 253 1528 288 1584; x_wconf 91' lang='lat' dir='ltr'><strong>de</strong></span> <span class='ocrx_word' id='word_1_135' title='bbox 305 1529 347 1585; x_wconf 89' lang='lat' dir='ltr'><strong>bis</strong></span> <span class='ocrx_word' id='word_1_136' title='bbox 364 1532 411 1604; x_wconf 80' lang='lat' dir='ltr'><strong>agi</strong></span> <span class='ocrx_word' id='word_1_137' title='bbox 425 1538 527 1603; x_wconf 90' lang='lat' dir='ltr'><strong>potest.</strong></span> <span class='ocrx_word' id='word_1_138' title='bbox 564 1538 591 1586; x_wconf 86' lang='lat' dir='ltr'><strong>at</strong></span> <span class='ocrx_word' id='word_1_139' title='bbox 612 1549 645 1596; x_wconf 75' lang='lat' dir='ltr'><strong>en</strong></span> <span class='ocrx_word' id='word_1_140' title='bbox 660 1535 796 1589; x_wconf 88' lang='lat' dir='ltr'><strong>contrario</strong></span> <span class='ocrx_word' id='word_1_141' title='bbox 814 1549 910 1588; x_wconf 88' lang='lat' dir='ltr'><strong>omnes</strong></span> <span class='ocrx_word' id='word_1_142' title='bbox 932 1549 978 1588; x_wconf 87' lang='lat' dir='ltr'><strong>res</strong></span> <span class='ocrx_word' id='word_1_143' title='bbox 990 1531 1119 1630; x_wconf 36' lang='lat' dir='ltr'><strong>&#39;pupillo</strong></span> 
     </span>
     <span class='ocr_line' id='line_1_18' title="bbox 119 1609 1121 1714; baseline 0.01 -52"><span class='ocrx_word' id='word_1_144' title='bbox 119 1609 148 1657; x_wconf 76' lang='lat' dir='ltr'><strong>et</strong></span> <span class='ocrx_word' id='word_1_145' title='bbox 161 1610 281 1680; x_wconf 77' lang='lat' dir='ltr'><strong>pupillae</strong></span> <span class='ocrx_word' id='word_1_146' title='bbox 297 1614 359 1668; x_wconf 89' lang='lat' dir='ltr'><strong>sine</strong></span> <span class='ocrx_word' id='word_1_147' title='bbox 377 1617 478 1670; x_wconf 91' lang='lat' dir='ltr'><strong>tutoris</strong></span> <span class='ocrx_word' id='word_1_148' title='bbox 494 1617 655 1671; x_wconf 88' lang='lat' dir='ltr'><strong>auctoritate</strong></span> <span class='ocrx_word' id='word_1_149' title='bbox 666 1623 741 1672; x_wconf 90' lang='lat' dir='ltr'><strong>recte</strong></span> <span class='ocrx_word' id='word_1_150' title='bbox 756 1616 814 1672; x_wconf 90' lang='lat' dir='ltr'><strong>dari</strong></span> <span class='ocrx_word' id='word_1_151' title='bbox 828 1623 960 1690; x_wconf 88' lang='lat' dir='ltr'><strong>possunt.</strong></span> <span class='ocrx_word' id='word_1_152' title='bbox 989 1617 1121 1714; x_wconf 81' lang='lat' dir='ltr'><strong>ideoque</strong></span> 
     </span>
     <span class='ocr_line' id='line_1_19' title="bbox 117 1686 1119 1798; baseline 0.017 -59"><span class='ocrx_word' id='word_1_153' title='bbox 117 1686 141 1738; x_wconf 84' lang='lat' dir='ltr'><strong>si</strong></span> <span class='ocrx_word' id='word_1_154' title='bbox 168 1688 275 1748; x_wconf 90' lang='lat' dir='ltr'><strong>debitor</strong></span> <span class='ocrx_word' id='word_1_155' title='bbox 299 1696 410 1768; x_wconf 92' lang='lat' dir='ltr'><strong>pupillo</strong></span> <span class='ocrx_word' id='word_1_156' title='bbox 437 1699 540 1768; x_wconf 88' lang='lat' dir='ltr'><strong>solvat,</strong></span> <span class='ocrx_word' id='word_1_157' title='bbox 566 1701 717 1755; x_wconf 87' lang='lat' dir='ltr'><strong>necessaria</strong></span> <span class='ocrx_word' id='word_1_158' title='bbox 742 1709 784 1778; x_wconf 88' lang='lat' dir='ltr'><strong>est</strong></span> <span class='ocrx_word' id='word_1_159' title='bbox 809 1701 913 1756; x_wconf 89' lang='lat' dir='ltr'><strong>tutoris</strong></span> <span class='ocrx_word' id='word_1_160' title='bbox 941 1709 1119 1798; x_wconf 77' lang='lat' dir='ltr'><strong>auctomtas:</strong></span> 
     </span>
     <span class='ocr_line' id='line_1_20' title="bbox 115 1766 1121 1842; baseline 0.022 -24"><span class='ocrx_word' id='word_1_161' title='bbox 115 1766 238 1842; x_wconf 87' lang='lat' dir='ltr'><strong>alioquin</strong></span> <span class='ocrx_word' id='word_1_162' title='bbox 260 1793 317 1832; x_wconf 91' lang='lat' dir='ltr'><strong>nou</strong></span> <span class='ocrx_word' id='word_1_163' title='bbox 339 1778 512 1836; x_wconf 84' lang='lat' dir='ltr'><strong>liberabitur.</strong></span> <span class='ocrx_word' id='word_1_164' title='bbox 548 1782 687 1838; x_wconf 88' lang='lat' dir='ltr'><strong>sedetiam</strong></span> <span class='ocrx_word' id='word_1_165' title='bbox 707 1783 760 1840; x_wconf 87' lang='lat' dir='ltr'><strong>boc</strong></span> <span class='ocrx_word' id='word_1_166' title='bbox 774 1784 981 1841; x_wconf 84' lang='lat' dir='ltr'><strong>evidentissima</strong></span> <span class='ocrx_word' id='word_1_167' title='bbox 1001 1793 1121 1842; x_wconf 81' lang='lat' dir='ltr'><strong>ratione</strong></span> 
     </span>
     <span class='ocr_line' id='line_1_21' title="bbox 113 1855 1120 1938; baseline 0.023 -35"><span class='ocrx_word' id='word_1_168' title='bbox 113 1855 250 1912; x_wconf 84' lang='lat' dir='ltr'><strong>statutum</strong></span> <span class='ocrx_word' id='word_1_169' title='bbox 271 1867 315 1914; x_wconf 91' lang='lat' dir='ltr'><strong>est</strong></span> <span class='ocrx_word' id='word_1_170' title='bbox 334 1863 365 1916; x_wconf 91' lang='lat' dir='ltr'><strong>in</strong></span> <span class='ocrx_word' id='word_1_171' title='bbox 389 1865 604 1935; x_wconf 90' lang='lat' dir='ltr'><strong>constitutione,</strong></span> <span class='ocrx_word' id='word_1_172' title='bbox 627 1883 706 1938; x_wconf 90' lang='lat' dir='ltr'><strong>quam</strong></span> <span class='ocrx_word' id='word_1_173' title='bbox 728 1867 762 1922; x_wconf 88' lang='lat' dir='ltr'><strong>ad</strong></span> <span class='ocrx_word' id='word_1_174' title='bbox 777 1867 976 1924; x_wconf 80' lang='lat' dir='ltr'><strong>Gaesareensds</strong></span> <span class='ocrx_word' id='word_1_175' title='bbox 994 1869 1120 1926; x_wconf 80' lang='lat' dir='ltr'><strong>advoca·</strong></span> 
     </span>
     <span class='ocr_line' id='line_1_22' title="bbox 111 1935 1120 2026; baseline 0.024 -40"><span class='ocrx_word' id='word_1_176' title='bbox 111 1935 159 1986; x_wconf 88' lang='lat' dir='ltr'><strong>tos</strong></span> <span class='ocrx_word' id='word_1_177' title='bbox 177 1951 209 1991; x_wconf 82' lang='lat' dir='ltr'><strong>ex</strong></span> <span class='ocrx_word' id='word_1_178' title='bbox 234 1946 425 2015; x_wconf 82' lang='lat' dir='ltr'><strong>suggestione</strong></span> <span class='ocrx_word' id='word_1_179' title='bbox 442 1945 609 2019; x_wconf 72' lang='lat' dir='ltr'><strong>Tribonum,</strong></span> <span class='ocrx_word' id='word_1_180' title='bbox 630 1951 680 2005; x_wconf 88' lang='lat' dir='ltr'><strong>viri</strong></span> <span class='ocrx_word' id='word_1_181' title='bbox 698 1953 922 2024; x_wconf 84' lang='lat' dir='ltr'><strong>eminentissimi,</strong></span> <span class='ocrx_word' id='word_1_182' title='bbox 951 1956 1120 2026; x_wconf 87' lang='lat' dir='ltr'><strong>quaestoris</strong></span> 
     </span>
     <span class='ocr_line' id='line_1_23' title="bbox 108 2017 1120 2110; baseline 0.025 -40"><span class='ocrx_word' id='word_1_183' title='bbox 108 2017 184 2072; x_wconf 81' lang='lat' dir='ltr'><strong>saort</strong></span> <span class='ocrx_word' id='word_1_184' title='bbox 198 2022 290 2093; x_wconf 89' lang='lat' dir='ltr'><strong>palatii</strong></span> <span class='ocrx_word' id='word_1_185' title='bbox 305 2029 418 2098; x_wconf 83' lang='lat' dir='ltr'><strong>nostri,</strong></span> <span class='ocrx_word' id='word_1_186' title='bbox 440 2030 672 2104; x_wconf 77' lang='lat' dir='ltr'><strong>promulgavimus</strong></span> <span class='ocrx_word' id='word_1_187' title='bbox 680 2029 703 2103; x_wconf 74' lang='lat'><strong>,⁴</strong></span> <span class='ocrx_word' id='word_1_188' title='bbox 725 2052 777 2108; x_wconf 89' lang='lat' dir='ltr'><strong>qua</strong></span> <span class='ocrx_word' id='word_1_189' title='bbox 798 2036 965 2110; x_wconf 88' lang='lat' dir='ltr'><strong>dispositum</strong></span> <span class='ocrx_word' id='word_1_190' title='bbox 988 2047 1052 2108; x_wconf 89' lang='lat' dir='ltr'><strong>est,</strong></span> <span class='ocrx_word' id='word_1_191' title='bbox 1077 2041 1120 2094; x_wconf 84' lang='lat' dir='ltr'><strong>itu</strong></span> 
     </span>
     <span class='ocr_line' id='line_1_24' title="bbox 103 2090 1121 2196; baseline 0.026 -43"><span class='ocrx_word' id='word_1_192' title='bbox 103 2090 195 2155; x_wconf 79' lang='lat' dir='ltr'><strong>licere</strong></span> <span class='ocrx_word' id='word_1_193' title='bbox 207 2109 293 2162; x_wconf 88' lang='lat' dir='ltr'><strong>tutori</strong></span> <span class='ocrx_word' id='word_1_194' title='bbox 306 2109 350 2163; x_wconf 87' lang='lat' dir='ltr'><strong>vel</strong></span> <span class='ocrx_word' id='word_1_195' title='bbox 363 2113 490 2166; x_wconf 82' lang='lat' dir='ltr'><strong>curatori</strong></span> <span class='ocrx_word' id='word_1_196' title='bbox 505 2112 656 2172; x_wconf 89' lang='lat' dir='ltr'><strong>debitorem</strong></span> <span class='ocrx_word' id='word_1_197' title='bbox 671 2119 833 2191; x_wconf 84' lang='lat' dir='ltr'><strong>pupillarem</strong></span> <span class='ocrx_word' id='word_1_198' title='bbox 845 2120 968 2193; x_wconf 88' lang='lat' dir='ltr'><strong>solvere,</strong></span> <span class='ocrx_word' id='word_1_199' title='bbox 985 2131 1018 2178; x_wconf 89' lang='lat' dir='ltr'><strong>ut</strong></span> <span class='ocrx_word' id='word_1_200' title='bbox 1033 2124 1121 2196; x_wconf 83' lang='lat' dir='ltr'><strong>prius</strong></span> 
     </span>
     <span class='ocr_line' id='line_1_25' title="bbox 100 2187 1120 2278; baseline 0.028 -44"><span class='ocrx_word' id='word_1_201' title='bbox 100 2187 246 2240; x_wconf 83' lang='lat' dir='ltr'><strong>sententia</strong></span> <span class='ocrx_word' id='word_1_202' title='bbox 264 2190 406 2246; x_wconf 89' lang='lat' dir='ltr'><strong>iudicialis</strong></span> <span class='ocrx_word' id='word_1_203' title='bbox 430 2195 491 2248; x_wconf 89' lang='lat' dir='ltr'><strong>sine</strong></span> <span class='ocrx_word' id='word_1_204' title='bbox 516 2200 590 2252; x_wconf 94' lang='lat' dir='ltr'><strong>omni</strong></span> <span class='ocrx_word' id='word_1_205' title='bbox 610 2199 708 2256; x_wconf 89' lang='lat' dir='ltr'><strong>damno</strong></span> <span class='ocrx_word' id='word_1_206' title='bbox 731 2202 867 2258; x_wconf 88' lang='lat' dir='ltr'><strong>celebrata</strong></span> <span class='ocrx_word' id='word_1_207' title='bbox 882 2205 938 2260; x_wconf 92' lang='lat' dir='ltr'><strong>hoc</strong></span> <span class='ocrx_word' id='word_1_208' title='bbox 953 2208 1120 2278; x_wconf 88' lang='lat' dir='ltr'><strong>permittat.</strong></span> 
     </span>
    </p>
   </div>
   <div class='ocr_carea' id='block_1_3' title="bbox 96 2265 1122 2436">
    <p class='ocr_par' dir='ltr' id='par_1_3' title="bbox 96 2265 1122 2436">
     <span class='ocr_line' id='line_1_26' title="bbox 100 2265 1120 2363; baseline 0.033 -49"><span class='ocrx_word' id='word_1_209' title='bbox 100 2271 166 2326; x_wconf 78' lang='lat' dir='ltr'><strong>quo</strong></span> <span class='ocrx_word' id='word_1_210' title='bbox 183 2265 350 2341; x_wconf 86' lang='lat' dir='ltr'><strong>subsecuto,</strong></span> <span class='ocrx_word' id='word_1_211' title='bbox 375 2275 401 2327; x_wconf 90' lang='lat' dir='ltr'><strong>si</strong></span> <span class='ocrx_word' id='word_1_212' title='bbox 423 2283 452 2329; x_wconf 87' lang='lat' dir='ltr'><strong>et</strong></span> <span class='ocrx_word' id='word_1_213' title='bbox 467 2277 548 2331; x_wconf 81' lang='lat' dir='ltr'><strong>iudex</strong></span> <span class='ocrx_word' id='word_1_214' title='bbox 563 2286 779 2350; x_wconf 88' lang='lat' dir='ltr'><strong>pronuntiaverit</strong></span> <span class='ocrx_word' id='word_1_215' title='bbox 800 2294 828 2342; x_wconf 90' lang='lat' dir='ltr'><strong>et</strong></span> <span class='ocrx_word' id='word_1_216' title='bbox 849 2286 963 2348; x_wconf 85' lang='lat' dir='ltr'><strong>debitor</strong></span> <span class='ocrx_word' id='word_1_217' title='bbox 981 2290 1120 2363; x_wconf 90' lang='lat' dir='ltr'><strong>solverit,</strong></span> 
     </span>
     <span class='ocr_line' id='line_1_27' title="bbox 96 2350 1122 2436; baseline 0.04 -44"><span class='ocrx_word' id='word_1_218' title='bbox 96 2352 241 2411; x_wconf 84' lang='lat' dir='ltr'><strong>sequatur</strong></span> <span class='ocrx_word' id='word_1_219' title='bbox 255 2350 424 2408; x_wconf 88' lang='lat' dir='ltr'><strong>huiusmodi</strong></span> <span class='ocrx_word' id='word_1_220' title='bbox 437 2357 606 2415; x_wconf 80' lang='lat' dir='ltr'><strong>solutionem</strong></span> <span class='ocrx_word' id='word_1_221' title='bbox 620 2364 777 2436; x_wconf 86' lang='lat' dir='ltr'><strong>plenissima</strong></span> <span class='ocrx_word' id='word_1_222' title='bbox 787 2371 935 2427; x_wconf 82' lang='lat' dir='ltr'><strong>securitas.</strong></span> <span class='ocrx_word' id='word_1_223' title='bbox 961 2375 1122 2431; x_wconf 84' lang='lat' dir='ltr'><strong>sinautem</strong></span> 
     </span>
    </p>
   </div>
   <div class='ocr_carea' id='block_1_4' title="bbox 85 2417 1125 2782">
    <p class='ocr_par' dir='ltr' id='par_1_4' title="bbox 85 2417 1125 2782">
     <span class='ocr_line' id='line_1_28' title="bbox 95 2417 1123 2529; baseline 0.043 -55"><span class='ocrx_word' id='word_1_224' title='bbox 95 2417 189 2478; x_wconf 85' lang='lat' dir='ltr'><strong>aliter</strong></span> <span class='ocrx_word' id='word_1_225' title='bbox 209 2444 290 2498; x_wconf 86' lang='lat' dir='ltr'><strong>quam</strong></span> <span class='ocrx_word' id='word_1_226' title='bbox 312 2432 509 2504; x_wconf 89' lang='lat' dir='ltr'><strong>disposuimus</strong></span> <span class='ocrx_word' id='word_1_227' title='bbox 529 2443 632 2500; x_wconf 90' lang='lat' dir='ltr'><strong>solutio</strong></span> <span class='ocrx_word' id='word_1_228' title='bbox 653 2448 723 2506; x_wconf 86' lang='lat' dir='ltr'><strong>laeta</strong></span> <span class='ocrx_word' id='word_1_229' title='bbox 738 2453 821 2508; x_wconf 90' lang='lat' dir='ltr'><strong>luerit</strong></span> <span class='ocrx_word' id='word_1_230' title='bbox 842 2462 870 2510; x_wconf 89' lang='lat' dir='ltr'><strong>et</strong></span> <span class='ocrx_word' id='word_1_231' title='bbox 892 2459 1046 2529; x_wconf 86' lang='lat' dir='ltr'><strong>pecuniam</strong></span> <span class='ocrx_word' id='word_1_232' title='bbox 1062 2460 1123 2516; x_wconf 83' lang='lat' dir='ltr'><strong>sat·</strong></span> 
     </span>
     <span class='ocr_line' id='line_1_29' title="bbox 93 2507 1124 2606; baseline 0.048 -52"><span class='ocrx_word' id='word_1_233' title='bbox 93 2515 167 2558; x_wconf 86' lang='lat' dir='ltr'><strong>vam</strong></span> <span class='ocrx_word' id='word_1_234' title='bbox 186 2507 284 2565; x_wconf 84' lang='lat' dir='ltr'><strong>habeat</strong></span> <span class='ocrx_word' id='word_1_235' title='bbox 304 2515 438 2586; x_wconf 89' lang='lat' dir='ltr'><strong>pupillus</strong></span> <span class='ocrx_word' id='word_1_236' title='bbox 455 2529 502 2576; x_wconf 89' lang='lat' dir='ltr'><strong>aut</strong></span> <span class='ocrx_word' id='word_1_237' title='bbox 517 2539 551 2578; x_wconf 86' lang='lat' dir='ltr'><strong>ex</strong></span> <span class='ocrx_word' id='word_1_238' title='bbox 566 2541 597 2581; x_wconf 88' lang='lat' dir='ltr'><strong>ea</strong></span> <span class='ocrx_word' id='word_1_239' title='bbox 611 2528 776 2606; x_wconf 90' lang='lat' dir='ltr'><strong>locupletior</strong></span> <span class='ocrx_word' id='word_1_240' title='bbox 790 2537 826 2593; x_wconf 91' lang='lat' dir='ltr'><strong>sit</strong></span> <span class='ocrx_word' id='word_1_241' title='bbox 842 2545 870 2594; x_wconf 92' lang='lat' dir='ltr'><strong>et</strong></span> <span class='ocrx_word' id='word_1_242' title='bbox 886 2540 980 2597; x_wconf 91' lang='lat' dir='ltr'><strong>adbuc</strong></span> <span class='ocrx_word' id='word_1_243' title='bbox 995 2545 1124 2601; x_wconf 89' lang='lat' dir='ltr'><strong>eandem</strong></span> 
     </span>
     <span class='ocr_line' id='line_1_30' title="bbox 90 2597 1125 2688; baseline 0.049 -51"><span class='ocrx_word' id='word_1_244' title='bbox 90 2597 237 2646; x_wconf 89' lang='lat' dir='ltr'><strong>summam</strong></span> <span class='ocrx_word' id='word_1_245' title='bbox 251 2598 394 2664; x_wconf 84' lang='lat' dir='ltr'><strong>pecuniae</strong></span> <span class='ocrx_word' id='word_1_246' title='bbox 409 2609 504 2675; x_wconf 87' lang='lat' dir='ltr'><strong>petat,</strong></span> <span class='ocrx_word' id='word_1_247' title='bbox 518 2622 569 2677; x_wconf 89' lang='lat' dir='ltr'><strong>per</strong></span> <span class='ocrx_word' id='word_1_248' title='bbox 583 2618 772 2688; x_wconf 80' lang='lat' dir='ltr'><strong>exceptionem</strong></span> <span class='ocrx_word' id='word_1_249' title='bbox 787 2620 844 2677; x_wconf 93' lang='lat' dir='ltr'><strong>doli</strong></span> <span class='ocrx_word' id='word_1_250' title='bbox 859 2624 925 2680; x_wconf 87' lang='lat' dir='ltr'><strong>mali</strong></span> <span class='ocrx_word' id='word_1_251' title='bbox 940 2631 1125 2686; x_wconf 85' lang='lat' dir='ltr'><strong>summoveri</strong></span> 
     </span>
     <span class='ocr_line' id='line_1_31' title="bbox 85 2673 1125 2782; baseline 0.051 -64"><span class='ocrx_word' id='word_1_252' title='bbox 85 2673 339 2746; x_wconf 62' lang='lat' dir='ltr'><strong>poteritaquodsi</strong></span> <span class='ocrx_word' id='word_1_253' title='bbox 355 2688 407 2734; x_wconf 89' lang='lat' dir='ltr'><strong>aut</strong></span> <span class='ocrx_word' id='word_1_254' title='bbox 422 2685 494 2740; x_wconf 86' lang='lat' dir='ltr'><strong>male</strong></span> <span class='ocrx_word' id='word_1_255' title='bbox 509 2703 711 2769; x_wconf 89' lang='lat' dir='ltr'><strong>consumpserit</strong></span> <span class='ocrx_word' id='word_1_256' title='bbox 725 2711 772 2759; x_wconf 89' lang='lat' dir='ltr'><strong>aut</strong></span> <span class='ocrx_word' id='word_1_257' title='bbox 786 2704 862 2762; x_wconf 87' lang='lat' dir='ltr'><strong>furto</strong></span> <span class='ocrx_word' id='word_1_258' title='bbox 879 2710 1023 2782; x_wconf 89' lang='lat' dir='ltr'><strong>amiserit,</strong></span> <span class='ocrx_word' id='word_1_259' title='bbox 1047 2713 1125 2770; x_wconf 90' lang='lat' dir='ltr'><strong>nibil</strong></span> 
     </span>
    </p>
   </div>
   <div class='ocr_carea' id='block_1_5' title="bbox 84 2750 1124 2915">
    <p class='ocr_par' dir='ltr' id='par_1_5' title="bbox 84 2750 1124 2915">
     <span class='ocr_line' id='line_1_32' title="bbox 85 2750 1124 2856; baseline 0.055 -57"><span class='ocrx_word' id='word_1_260' title='bbox 85 2750 226 2816; x_wconf 90' lang='lat' dir='ltr'><strong>proderit</strong></span> <span class='ocrx_word' id='word_1_261' title='bbox 247 2757 374 2816; x_wconf 89' lang='lat' dir='ltr'><strong>debitori</strong></span> <span class='ocrx_word' id='word_1_262' title='bbox 397 2763 458 2820; x_wconf 87' lang='lat' dir='ltr'><strong>doli</strong></span> <span class='ocrx_word' id='word_1_263' title='bbox 480 2771 542 2826; x_wconf 92' lang='lat' dir='ltr'><strong>mali</strong></span> <span class='ocrx_word' id='word_1_264' title='bbox 558 2783 700 2856; x_wconf 84' lang='lat' dir='ltr'><strong>exceptio,</strong></span> <span class='ocrx_word' id='word_1_265' title='bbox 721 2787 769 2842; x_wconf 92' lang='lat' dir='ltr'><strong>sed</strong></span> <span class='ocrx_word' id='word_1_266' title='bbox 784 2789 871 2846; x_wconf 89' lang='lat' dir='ltr'><strong>nihilo</strong></span> <span class='ocrx_word' id='word_1_267' title='bbox 889 2795 984 2849; x_wconf 91' lang='lat' dir='ltr'><strong>minus</strong></span> <span class='ocrx_word' id='word_1_268' title='bbox 1002 2796 1124 2854; x_wconf 84' lang='lat' dir='ltr'><strong>damna·</strong></span> 
     </span>
     <span class='ocr_line' id='line_1_33' title="bbox 84 2825 616 2915; baseline 0.068 -36"><span class='ocrx_word' id='word_1_269' title='bbox 84 2825 191 2898; x_wconf 88' lang='lat' dir='ltr'><strong>bitur,</strong></span> <span class='ocrx_word' id='word_1_270' title='bbox 209 2838 272 2906; x_wconf 87' lang='lat' dir='ltr'><strong>quia</strong></span> <span class='ocrx_word' id='word_1_271' title='bbox 295 2846 410 2898; x_wconf 86' lang='lat' dir='ltr'><strong>temere</strong></span> <span class='ocrx_word' id='word_1_272' title='bbox 432 2849 493 2904; x_wconf 88' lang='lat' dir='ltr'><strong>sinc</strong></span> <span class='ocrx_word' id='word_1_273' title='bbox 514 2859 616 2915; x_wconf 90' lang='lat' dir='ltr'><strong>tutoris</strong></span> 
     </span>
    </p>
   </div>
   <div class='ocr_carea' id='block_1_6' title="bbox 80 2917 508 3070">
    <p class='ocr_par' dir='ltr' id='par_1_6' title="bbox 80 2917 508 3070">
     <span class='ocr_line' id='line_1_34' title="bbox 83 2917 508 2990; baseline 0.068 -30"><span class='ocrx_word' id='word_1_274' title='bbox 83 2918 222 2967; x_wconf 86' lang='lat' dir='ltr'><strong>nostram</strong></span> <span class='ocrx_word' id='word_1_275' title='bbox 238 2917 461 2990; x_wconf 86' lang='lat' dir='ltr'><strong>dispositionem</strong></span> <span class='ocrx_word' id='word_1_276' title='bbox 476 2949 508 2989; x_wconf 89' lang='lat' dir='ltr'><strong>so</strong></span> 
     </span>
     <span class='ocr_line' id='line_1_35' title="bbox 80 2991 496 3070; baseline 0.072 -30"><span class='ocrx_word' id='word_1_277' title='bbox 80 2991 181 3060; x_wconf 86' lang='lat' dir='ltr'><strong>pillac</strong></span> <span class='ocrx_word' id='word_1_278' title='bbox 196 2995 306 3054; x_wconf 91' lang='lat' dir='ltr'><strong>solvere</strong></span> <span class='ocrx_word' id='word_1_279' title='bbox 327 3006 393 3061; x_wconf 88' lang='lat' dir='ltr'><strong>sine</strong></span> <span class='ocrx_word' id='word_1_280' title='bbox 417 3019 496 3070; x_wconf 93' lang='lat' dir='ltr'><strong>tutor</strong></span> 
     </span>
    </p>
   </div>
   <div class='ocr_carea' id='block_1_7' title="bbox 79 3118 308 3136">
    <p class='ocr_par' dir='ltr' id='par_1_7' title="bbox 79 3118 308 3136">
     <span class='ocr_line' id='line_1_36' title="bbox 79 3118 308 3136; baseline 0.044 -9"><span class='ocrx_word' id='word_1_281' title='bbox 79 3118 308 3136; x_wconf 40' lang='grc' dir='ltr'>Ἣ</span> 
     </span>
    </p>
   </div>
   <div class='ocr_carea' id='block_1_8' title="bbox 168 3199 1125 3326">
    <p class='ocr_par' dir='ltr' id='par_1_8' title="bbox 168 3199 1125 3326">
     <span class='ocr_line' id='line_1_37' title="bbox 168 3199 1125 3326; baseline 0.076 -80"><span class='ocrx_word' id='word_1_282' title='bbox 168 3199 187 3262; x_wconf 88' lang='lat'><strong>¹)</strong></span> <span class='ocrx_word' id='word_1_283' title='bbox 206 3205 240 3254; x_wconf 87' lang='lat' dir='ltr'><strong>L.</strong></span> <span class='ocrx_word' id='word_1_284' title='bbox 259 3209 286 3258; x_wconf 86' lang='lat'><strong>3.</strong></span> <span class='ocrx_word' id='word_1_285' title='bbox 307 3209 338 3258; x_wconf 82' lang='lat'><strong>0.</strong></span> <span class='ocrx_word' id='word_1_286' title='bbox 359 3215 394 3263; x_wconf 80' lang='lat' dir='ltr'><strong>de</strong></span> <span class='ocrx_word' id='word_1_287' title='bbox 413 3221 473 3271; x_wconf 75' lang='lat' dir='ltr'><strong>lure</strong></span> <span class='ocrx_word' id='word_1_288' title='bbox 492 3228 558 3280; x_wconf 83' lang='lat' dir='ltr'><strong>dom.</strong></span> <span class='ocrx_word' id='word_1_289' title='bbox 578 3236 642 3302; x_wconf 78' lang='lat' dir='ltr'><strong>imp.</strong></span> <span class='ocrx_word' id='word_1_290' title='bbox 668 3245 702 3308; x_wconf 84' lang='lat'><strong>(8,</strong></span> <span class='ocrx_word' id='word_1_291' title='bbox 722 3251 755 3299; x_wconf 85' lang='lat'><strong>33</strong></span> <span class='ocrx_word' id='word_1_292' title='bbox 773 3254 806 3302; x_wconf 82' lang='lat' dir='ltr'><strong>nl.</strong></span> <span class='ocrx_word' id='word_1_293' title='bbox 826 3250 883 3322; x_wconf 79' lang='lat'>34).</span> <span class='ocrx_word' id='word_1_294' title='bbox 956 3257 980 3326; x_wconf 81' lang='lat'><strong>²)</strong></span> <span class='ocrx_word' id='word_1_295' title='bbox 1001 3263 1063 3316; x_wconf 79' lang='lat' dir='ltr'><strong>init.</strong></span> <span class='ocrx_word' id='word_1_296' title='bbox 1085 3286 1125 3306; x_wconf 92' lang='lat'><em>=</em></span> 
     </span>
    </p>
   </div>
   <div class='ocr_carea' id='block_1_9' title="bbox 81 3263 1122 3451">
    <p class='ocr_par' dir='ltr' id='par_1_9' title="bbox 81 3263 1122 3451">
     <span class='ocr_line' id='line_1_38' title="bbox 81 3263 1122 3383; baseline 0.068 -73"><span class='ocrx_word' id='word_1_297' title='bbox 81 3263 154 3314; x_wconf 81' lang='lat' dir='ltr'><strong>Gai.</strong></span> <span class='ocrx_word' id='word_1_298' title='bbox 176 3269 201 3324; x_wconf 81' lang='lat'><strong>2,</strong></span> <span class='ocrx_word' id='word_1_299' title='bbox 220 3271 342 3345; x_wconf 69' lang='lat'><strong>⁸⁰:⁰⁸²</strong></span> <span class='ocrx_word' id='word_1_300' title='bbox 359 3291 426 3375; x_wconf 72' lang='lat' dir='ltr'><strong>⁴arctat.</strong></span> <span class='ocrx_word' id='word_1_301' title='bbox 481 3289 502 3353; x_wconf 78' lang='lat'><strong>⁸)</strong></span> <span class='ocrx_word' id='word_1_302' title='bbox 522 3301 601 3356; x_wconf 85' lang='lat' dir='ltr'><strong>codd.</strong></span> <span class='ocrx_word' id='word_1_303' title='bbox 622 3308 702 3371; x_wconf 82' lang='lat' dir='ltr'><strong>infer.</strong></span> <span class='ocrx_word' id='word_1_304' title='bbox 715 3316 860 3370; x_wconf 81' lang='lat' dir='ltr'><strong>vindicare</strong></span> <span class='ocrx_word' id='word_1_305' title='bbox 879 3339 1016 3378; x_wconf 84' lang='lat' dir='ltr'><strong>nummos</strong></span> <span class='ocrx_word' id='word_1_306' title='bbox 1035 3335 1122 3383; x_wconf 81' lang='lat' dir='ltr'><strong>codd.</strong></span> 
     </span>
     <span class='ocr_line' id='line_1_39' title="bbox 202 3345 885 3451; baseline 0.086 -68"><span class='ocrx_word' id='word_1_307' title='bbox 202 3372 207 3384; x_wconf 94' lang='lat'><strong>.</strong></span> <span class='ocrx_word' id='word_1_308' title='bbox 273 3373 282 3389; x_wconf 87' lang='lat'><strong>.</strong></span> <span class='ocrx_word' id='word_1_309' title='bbox 372 3345 438 3406; x_wconf 86' lang='lat' dir='ltr'><strong>)L.</strong></span> <span class='ocrx_word' id='word_1_310' title='bbox 453 3357 495 3407; x_wconf 80' lang='lat'><strong>25.</strong></span> <span class='ocrx_word' id='word_1_311' title='bbox 516 3361 545 3412; x_wconf 79' lang='grc' dir='ltr'><strong>θ.</strong></span> <span class='ocrx_word' id='word_1_312' title='bbox 565 3369 599 3417; x_wconf 85' lang='lat' dir='ltr'><strong>de</strong></span> <span class='ocrx_word' id='word_1_313' title='bbox 619 3377 687 3428; x_wconf 80' lang='lat' dir='ltr'><strong>adm.</strong></span> <span class='ocrx_word' id='word_1_314' title='bbox 708 3389 754 3436; x_wconf 85' lang='lat' dir='ltr'><strong>tut.</strong></span> <span class='ocrx_word' id='word_1_315' title='bbox 775 3385 810 3447; x_wconf 83' lang='lat'><strong>(5,</strong></span> <span class='ocrx_word' id='word_1_316' title='bbox 831 3388 885 3451; x_wconf 76' lang='lat'><strong>37).</strong></span> 
     </span>
    </p>
   </div>
   <div class='ocr_carea' id='block_1_10' title="bbox 640 2870 1123 2938">
    <p class='ocr_par' dir='ltr' id='par_1_10' title="bbox 640 2870 1123 2938">
     <span class='ocr_line' id='line_1_40' title="bbox 640 2870 1123 2938; baseline 0.041 -19"><span class='ocrx_word' id='word_1_317' title='bbox 640 2870 800 2927; x_wconf 82' lang='lat' dir='ltr'><strong>auctoritate</strong></span> <span class='ocrx_word' id='word_1_318' title='bbox 821 2881 850 2928; x_wconf 90' lang='lat' dir='ltr'><strong>et</strong></span> <span class='ocrx_word' id='word_1_319' title='bbox 871 2891 932 2931; x_wconf 91' lang='lat' dir='ltr'><strong>non</strong></span> <span class='ocrx_word' id='word_1_320' title='bbox 954 2881 1123 2938; x_wconf 90' lang='lat' dir='ltr'><strong>secundum</strong></span> 
     </span>
    </p>
   </div>
   <div class='ocr_carea' id='block_1_11' title="bbox 497 2934 1124 3123">
    <p class='ocr_par' dir='ltr' id='par_1_11' title="bbox 497 2934 1124 3123">
     <span class='ocr_line' id='line_1_41' title="bbox 509 2934 1124 3039; baseline 0.054 -49"><span class='ocrx_word' id='word_1_321' title='bbox 509 2934 600 2997; x_wconf 90' lang='lat' dir='ltr'><strong>lverit.</strong></span> <span class='ocrx_word' id='word_1_322' title='bbox 638 2949 687 3004; x_wconf 92' lang='lat' dir='ltr'><strong>sed</strong></span> <span class='ocrx_word' id='word_1_323' title='bbox 702 2968 734 3008; x_wconf 84' lang='lat' dir='ltr'><strong>ex</strong></span> <span class='ocrx_word' id='word_1_324' title='bbox 756 2953 865 3013; x_wconf 89' lang='lat' dir='ltr'><strong>diverso</strong></span> <span class='ocrx_word' id='word_1_325' title='bbox 881 2961 986 3034; x_wconf 92' lang='lat' dir='ltr'><strong>pupilli</strong></span> <span class='ocrx_word' id='word_1_326' title='bbox 1002 2964 1051 3020; x_wconf 89' lang='lat' dir='ltr'><strong>vel</strong></span> <span class='ocrx_word' id='word_1_327' title='bbox 1067 2984 1124 3039; x_wconf 90' lang='lat' dir='ltr'><strong>pu·</strong></span> 
     </span>
     <span class='ocr_line' id='line_1_42' title="bbox 497 3033 1124 3123; baseline 0.057 -52"><span class='ocrx_word' id='word_1_328' title='bbox 497 3034 512 3072; x_wconf 94' lang='lat' dir='ltr'><strong>e</strong></span> <span class='ocrx_word' id='word_1_329' title='bbox 528 3033 644 3084; x_wconf 89' lang='lat' dir='ltr'><strong>auctore</strong></span> <span class='ocrx_word' id='word_1_330' title='bbox 659 3048 716 3088; x_wconf 91' lang='lat' dir='ltr'><strong>non</strong></span> <span class='ocrx_word' id='word_1_331' title='bbox 730 3047 865 3114; x_wconf 90' lang='lat' dir='ltr'><strong>possunt,</strong></span> <span class='ocrx_word' id='word_1_332' title='bbox 888 3045 956 3117; x_wconf 88' lang='lat' dir='ltr'><strong>quia</strong></span> <span class='ocrx_word' id='word_1_333' title='bbox 971 3047 1019 3120; x_wconf 92' lang='lat' dir='ltr'><strong>id,</strong></span> <span class='ocrx_word' id='word_1_334' title='bbox 1040 3051 1124 3123; x_wconf 92' lang='lat' dir='ltr'><strong>quod</strong></span> 
     </span>
    </p>
   </div>
   <div class='ocr_carea' id='block_1_12' title="bbox 0 0 1246 3916">
    <p class='ocr_par' dir='ltr' id='par_1_12' title="bbox 0 0 1246 3916">
     <span class='ocr_line' id='line_1_43' title="bbox 0 0 1246 3916; baseline 0 0"><span class='ocrx_word' id='word_1_335' title='bbox 0 0 1246 3916; x_wconf 95' lang='lat' dir='ltr'><strong> </strong></span> 
     </span>
    </p>
   </div>
  </div>
 </body>
</html>
