2486 3916
214 250 220 266 ‚
300 222 339 262 on,
355 220 511 256 rurrnnanr
532 220 757 258 sunsrrrurronn
776 209 814 272 11,
834 209 874 262 16.
1029 207 1069 272 73

93 381 165 438 quas
180 365 208 419 in
223 365 396 419 institutione
411 364 559 438 expressit:
576 370 604 419 et
618 364 655 418 ita
668 363 745 419 divus
756 362 820 420 Pius
835 365 984 438 rescripsit.
1016 364 1069 421 Sed
1086 377 1103 426 3

92 451 117 505 si
133 449 263 504 instituto
278 447 373 504 heredi
387 455 415 504 et
430 447 558 506 coheredi
573 464 624 503 sno
640 447 789 504 substituto
807 449 870 504 dato
886 447 954 504 alius
969 448 1069 505 substi-

94 542 174 589 tutus
189 533 289 603 luerit,
304 532 358 588 divi
369 531 485 588 Severus
501 539 528 588 et
539 533 694 588 Antoninus
709 534 767 588 sine
782 533 957 590 distinctione
972 535 1069 590 rescri-

92 625 227 693 pserunt,
250 616 283 672 ad
298 624 440 690 utramque
454 624 559 691 partem
574 616 752 673 substitutum
768 616 881 674 admitti.
917 618 947 674 Si
960 633 1069 674 servum
1086 620 1103 670 4

94 703 214 758 alienum
236 702 296 775 quis
316 700 536 774 patremfamilias
551 700 711 773 arbitratus,
732 701 861 760 heredem
875 704 1015 776 scripserit
1030 711 1068 774 et,

93 789 117 842 is
132 787 214 841 heres
230 801 286 842 non
301 793 391 856 esset,
413 784 542 842 Maeuium
557 787 582 842 ei
602 785 775 843 substituerit
789 787 868 859 isque
882 801 977 844 servus
991 787 1069 843 iussu

95 871 200 928 domini
214 869 311 928 adierit
325 869 519 942 hereditatem,
537 869 653 927 Maevius
667 873 696 928 in
710 877 815 946 partem
831 869 992 928 admittitur.
1023 871 1069 926 illa

96 957 168 1012 euim
190 953 272 1011 verba
293 970 324 1012 sn
338 967 446 1012 'mans
466 971 529 1014 non
543 972 617 1014 ntur
637 957 665 1013 iu
680 972 713 1012 oo
735 954 860 1030 quidem,
884 973 965 1030 quem
980 954 1068 1012 alieno

95 1042 150 1096 iuri
177 1039 330 1096 subiectum
352 1055 412 1096 esse
435 1047 551 1096 testator
571 1041 638 1112 soit,
664 1042 703 1096 sio
725 1041 908 1114 aooipiunlur:
934 1042 1069 1112 sineque

94 1128 155 1199 ipse
170 1125 251 1180 heres
262 1125 315 1180 erit
325 1141 415 1198 neque
425 1124 508 1180 alium
522 1125 650 1182 heredem
662 1125 795 1182 effecerit:
810 1125 839 1181 in
851 1141 884 1182 eo
896 1141 972 1196 vero,
989 1139 1070 1197 quent

95 1207 316 1284 patremfamilias
346 1205 412 1281 esseJ
433 1207 595 1280 arbitratur,
621 1209 688 1266 illud
719 1207 888 1284 significant:
913 1211 937 1264 si
962 1206 1070 1264 harodi·

97 1301 181 1350 tatem
196 1292 246 1349 sibi
261 1295 335 1365 eive,
356 1294 432 1350 ouius
448 1295 499 1350 iuri
514 1301 610 1367 postea
625 1293 762 1352 subiectus
778 1310 839 1350 esse
854 1295 992 1367 coeperit,
1014 1309 1069 1348 nou

97 1378 264 1452 adquisierit.
298 1371 396 1452 ¹idque
412 1370 552 1434 'liberius²
568 1377 664 1434 Caesar
677 1379 705 1434 in
720 1395 837 1452 persona
847 1377 984 1434 Parthenii
998 1377 1069 1433 servi

99 1464 145 1518 sui
160 1463 309 1520 constituit.
513 1467 517 1474 '

517 1657 574 1700 TIT.
588 1659 651 1699 xvi

285 1761 335 1812 DE
354 1719 558 1814 PUPILLARI¹
577 1761 882 1814 SUBSTITUTIONE.

163 1879 284 1941 ³Liberis
304 1885 360 1940 suis
375 1883 575 1958 impuberibus,
598 1901 668 1959 quos
687 1885 716 1941 in
736 1892 872 1959 potestate
894 1887 954 1960 quis
976 1883 1067 1956 habet,
1084 1895 1120 1936 rr.

96 1987 154 2026 non
169 1970 260 2026 solum
275 1971 327 2040 ita,
344 1976 374 2024 ut
389 1969 613 2042 supradiximus,
628 1969 794 2027 substituere
809 1971 918 2044 potest,
934 1969 1015 2026 idest
1029 1976 1069 2040 ut,

96 2055 120 2111 si
135 2053 252 2110 heredes
267 2054 292 2108 ei
306 2069 362 2109 uon
377 2054 533 2124 extiterint,
553 2053 621 2109 alius
636 2055 661 2110 ei
675 2056 711 2110 sit
727 2055 822 2125 heres,
843 2055 892 2110 sed
907 2070 940 2109 eo
956 2053 1069 2126 amplius

98 2148 128 2196 ut
144 2148 186 2210 et,
209 2139 231 2194 si
254 2137 368 2194 herodes
383 2139 408 2193 ei
422 2138 563 2194 extiterint
578 2145 606 2194 et
621 2137 708 2194 adhue
724 2136 878 2210 impuberes
894 2137 996 2192 mortui
1011 2135 1070 2190 ino·

96 2225 169 2295 rint,
195 2224 233 2278 sit
253 2223 292 2278 eis
313 2221 410 2296 aliquis
436 2223 526 2278 heres.
570 2221 655 2278 veluti
676 2223 700 2278 si
726 2222 786 2294 quis
807 2221 879 2277 dioat
899 2222 952 2276 hoo
971 2219 1069 2274 modo:

97 2322 206 2367 rimus
226 2321 332 2366 nmmo
353 2321 436 2365 nnus
459 2321 561 2364 nunna
585 2323 657 2364 nim
679 2320 774 2364 noro:
806 2321 836 2363 s1
860 2319 965 2363 rmms
986 2317 1070 2362 nnus

96 2407 200 2452 mnnita
215 2407 468 2463 u1n1nounnrr,
491 2405 562 2450 srvn
582 2405 684 2448 nunna
706 2405 780 2448 unm
794 2407 836 2447 nr
851 2403 943 2448 rurus
958 2403 1070 2447 nonro-

97 2495 178 2550 run,
200 2493 289 2543 onan
302 2493 335 2534 1n
351 2490 435 2534 suan
449 2487 598 2536 ronanam
611 2490 749 2534 vnnnmr
770 2473 808 2547 (id
823 2484 865 2532 est
881 2473 967 2550 pubes
983 2473 1070 2530 iactus

97 2561 160 2634 sit),
183 2578 266 2621 runo
281 2575 371 2620 surus
387 2575 490 2621 nunus
504 2575 595 2618 nsro.
631 2577 686 2634 quo
702 2575 766 2616 casu
780 2560 804 2615 si
826 2559 934 2634 quidem
953 2575 1009 2614 non
1024 2574 1070 2612 ex-

98 2648 186 2703 titerit
200 2646 282 2702 heres
298 2644 385 2714 lilius,
401 2651 467 2700 tunc
481 2643 647 2700 substitutus
663 2645 734 2718 patri
749 2641 780 2699 fit
795 2645 890 2700 heres:
905 2644 1008 2698 sivero
1025 2657 1070 2696 ex·

96 2733 185 2787 tilerit
207 2731 292 2786 heres
309 2728 381 2785 filius
397 2735 501 2785 etanta
521 2725 690 2803 pubertatem
706 2728 869 2799 decesserit,
889 2728 940 2799 ipsi
962 2724 1018 2782 lilio
1039 2722 1071 2779 lit

168 2961 187 3023 ¹)
207 2963 242 3025 os.
262 2961 294 3011 1..
313 2963 355 3013 40.
375 2963 416 3012 41.
435 2961 468 3014 D.
486 2962 543 3012 eod.
642 2959 663 3026 ²)
680 2963 719 3012 sio
736 2960 762 3009 B
779 2961 839 3026 Dip.
862 2959 931 3010 titus
949 2974 1003 3009 oum
1029 2957 1073 3008 TO

94 3032 215 3096 plerique
233 3031 310 3080 codd.
329 3031 407 3094 infer.
428 3030 491 3094 pius
509 3042 572 3079 unus
589 3028 666 3090 inser.
690 3029 747 3079 cod.
766 3031 908 3092 complures
928 3027 1070 3092 Theophili.

96 3091 253 3156 ἀντονῖνος
270 3099 353 3148 ceteri
373 3096 511 3161 Theophili.
531 3095 774 3160 erpownotor1.(=
794 3093 920 3158 Tiberius)
938 3098 1002 3145 male
1020 3110 1069 3144 eao-

7 3219 8 3224 ,
96 3167 196 3230 plicata
214 3172 240 3215 et
257 3167 508 3230 peremptoribus
530 3165 605 3227 idque
631 3165 696 3213 male
718 3165 807 3213 lectum
825 3169 852 3214 et
869 3165 991 3227 seriptum
1009 3162 1071 3223 pius

97 3235 125 3283 in
144 3247 174 3284 eo
193 3232 273 3292 libro,
293 3248 342 3298 quo
360 3233 478 3282 utebatur
499 3231 662 3296 Theophilus,
681 3237 816 3296 antequam
833 3232 881 3281 hae
899 3230 1071 3282 institutiones

93 3303 287 3365 perficerentur
304 3306 331 3350 et
348 3301 374 3350 in
391 3301 515 3364 publicum
532 3301 684 3357 animentur,
707 3299 734 3348 in
756 3314 835 3348 coroa
855 3299 919 3361 suit,
943 3304 970 3346 ut
991 3294 1071 3344 Theo·

95 3369 195 3432 pluto,
222 3383 253 3418 re
271 3383 323 3420 non
345 3375 466 3418 accurate
487 3368 623 3432 indapato‘,
652 3367 688 3416 ad
704 3366 859 3417 Antoninum
876 3365 948 3414 Pium
965 3363 1012 3434 hoc
1028 3376 1072 3410 re·

97 3436 193 3496 serrat.
279 3434 300 3498 ³)
325 3452 361 3500 pr
455 3435 536 3485 heres
563 3434 726 3485 substitutus
751 3434 810 3496 fere
827 3452 861 3474 =
881 3431 937 3482 Gai.
954 3431 987 3490 2,
1012 3429 1070 3478 179.

100 3505 151 3556 180
168 3505 233 3557 med.
