2486 3916
458 211 493 252 nn
513 211 631 249 rnnnnrs
649 195 672 262 1,
691 201 731 250 13.
1037 195 1078 260 21

112 347 308 409 ¹Admonendi
333 361 424 410 antem
445 370 555 426 snmus,
579 353 694 410 liberum
714 370 775 410 esse
799 353 938 411 arbitrium
964 356 1005 426 ei,
1033 356 1113 428 quit

110 437 197 494 lilium
214 447 289 494 etex
304 454 337 494 eo
348 448 476 512 nepotem
488 439 529 494 vel
543 447 653 512 neptem
664 439 692 494 in
704 447 843 512 potestate
858 438 977 510 habebit,
993 438 1078 494 filium

110 522 222 598 quidem
237 521 271 578 de
285 531 423 597 potestate
438 523 590 595 dimittere,
611 531 739 597 nepotem
753 541 817 579 vero
833 524 875 580 vel
890 531 999 598 neptem
1014 525 1080 580 reti·

110 623 192 664 nere:
209 614 237 662 et
252 622 286 662 en
300 606 406 664 diverso
422 607 507 664 lilium
528 607 636 682 quidem
651 609 679 664 in
693 615 830 682 potestate
843 610 979 681 retinere,
995 625 1079 682 nepo·

111 701 167 748 tem
184 707 248 747 vcro
264 691 307 747 vel
321 700 432 765 neptem
447 693 637 748 manumittere
653 691 756 763 (eadem
778 700 806 748 et
820 693 853 748 de
868 701 1021 767 pronepote
1037 691 1079 748 vel

109 783 245 850 pronepte
260 775 331 832 dicta
346 793 406 833 esse
420 775 637 852 intellegantur),
653 776 695 832 vel
711 793 804 833 omnes
820 779 862 834 sui
876 779 942 833 iuris
958 775 1077 834 efficere.

109 860 165 917 Sed
182 867 210 916 et
222 861 245 916 si
260 868 338 934 pater
352 858 448 933 lilium,
464 877 544 935 quem
560 863 588 917 in
599 870 737 934 potestate
749 861 839 934 habet,
855 878 904 917 avo
920 861 961 917 vel
977 879 1078 936 proavo
1097 867 1114 916 8

109 944 229 1000 naturali
244 945 392 1001 secundum
406 955 513 1002 nostras
530 939 760 1003 constitutiones²
780 963 862 1019 super
877 947 918 1001 his
934 945 1036 1002 habitas
1052 947 1080 1002 in

44 1097 48 1104 ,
109 1029 287 1104 adoptionem
299 1029 415 1102 dederit,
430 1029 512 1086 idest
526 1032 550 1086 si
565 1030 618 1086 hcc
627 1031 731 1104 ipsum,
747 1032 813 1086 actis
825 1029 1079 1102 intervenientibus,

109 1113 184 1188 apud
205 1121 403 1188 competentem
428 1114 542 1175 iudicem
568 1115 764 1188 manifestavit,
789 1124 932 1188 praesente
959 1132 1008 1188 eo,
1034 1117 1080 1188 qni

109 1199 268 1272 adoptatur,
285 1207 312 1255 et
327 1215 382 1255 non
397 1199 600 1257 contradicente
615 1217 666 1256 nec
681 1215 736 1256 non
753 1215 801 1271 eo,
824 1201 871 1274 qui
886 1199 1008 1274 adoptat,
1024 1199 1080 1255 sol-

109 1285 186 1340 vitur
201 1283 309 1358 quidem
323 1285 365 1340 ins
387 1286 532 1358 potestatis
553 1285 638 1358 patris
660 1284 806 1357 naturalis,
828 1286 925 1341 transit
945 1293 1036 1342 antem
1051 1285 1079 1340 in

109 1367 268 1424 huiusmodi
281 1376 421 1441 parentem
434 1369 606 1442 adoptivum,
626 1371 654 1424 in
675 1370 752 1424 cuius
773 1385 891 1442 persona
905 1368 1078 1443 adoptionem

112 1451 296 1526 plenissimam
312 1469 371 1509 esse
392 1459 469 1508 antea
494 1453 618 1509 diximus.
655 1452 725 1508 lllud
750 1460 839 1510 antem
866 1455 936 1509 scire
958 1462 1078 1528 oportet,
1097 1458 1113 1506 9

112 1535 205 1610 quod,
229 1539 253 1592 si
274 1553 360 1592 nurus
377 1545 422 1592 tua
445 1555 478 1593 ex
504 1536 560 1594 lilio
586 1547 634 1593 tuo
661 1539 817 1611 conceperit
843 1535 969 1594 etlilium
984 1546 1079 1611 postea

110 1622 321 1694 emancipaveris
337 1621 380 1677 vel
395 1624 423 1678 in
438 1622 611 1696 adoptionem
627 1621 733 1678 dederis
754 1630 920 1696 praegnante
936 1637 1007 1677 nuru
1024 1631 1078 1693 tua,

109 1705 198 1761 nihilo
214 1707 302 1761 minus
318 1705 392 1779 quod
407 1723 440 1763 en
456 1723 486 1764 ea
508 1707 645 1779 nascitur,
671 1707 698 1761 in
718 1715 855 1780 potestate
877 1714 922 1762 tua
944 1707 1077 1762 nascitur:

110 1789 187 1864 quod
202 1791 304 1874 sipost
319 1792 557 1865 emancipationem
573 1791 615 1848 vel
630 1791 895 1865 adoptionemluerit
905 1799 1078 1865 conceptum,

108 1875 195 1949 patris
217 1876 258 1930 sui
279 1877 439 1950 emancipati
459 1876 501 1932 vel
522 1877 563 1932 avi
584 1875 702 1950 adoptivi
722 1878 853 1950 potestati
874 1875 1021 1932 subicitur:
1053 1886 1080 1931 et
1099 1883 1131 1931 10

109 1959 186 2034 quod
206 1976 296 2033 neque
316 1960 451 2017 naturales
472 1959 549 2016 liberi
568 1977 658 2034 neque
677 1960 796 2034 adoptivi
815 1961 871 2017 ullo
892 1977 977 2034 paene
999 1959 1080 2017 modo

110 2053 231 2118 possunt
246 2060 347 2120 cogere
360 2054 500 2119 parentem
516 2045 549 2101 de
565 2053 702 2118 potestate
718 2061 767 2099 sna
781 2061 829 2101 eos
845 2045 993 2101 dimittere.

527 2287 584 2350 md.
598 2309 666 2349 xm

477 2413 527 2463 ΒΕ
546 2411 721 2462 Titurius:

175 2544 374 2608 ³l²ranseamus
389 2569 463 2608 nunc
483 2551 515 2608 ad
537 2551 614 2608 aliam
636 2551 804 2608 divisionem.
835 2568 896 2606 nam
911 2568 944 2606 ex
959 2551 1001 2607 his
1017 2568 1078 2625 per·
1095 2573 1130 2613 p,

108 2637 203 2708 sonis,
225 2651 294 2710 qnae
308 2638 336 2692 in
350 2644 486 2710 potestate
502 2653 557 2693 non
573 2644 652 2708 sunt,
670 2636 799 2710 quaedam
814 2635 857 2692 vel
872 2637 899 2691 ln
915 2635 1001 2691 tutela
1016 2645 1080 2691 sunt

108 2720 153 2777 vel
175 2721 378 2791 incuratione,
406 2720 535 2794 quaedam
557 2729 656 2777 neutro
681 2722 741 2777 iure
763 2727 901 2777 tenentur.
942 2718 1079 2774 videamus

108 2805 197 2878 igitur
217 2805 252 2861 de
266 2805 324 2876 his,
347 2821 414 2878 quae
434 2807 464 2860 in
485 2805 570 2862 tutela
590 2805 633 2861 vel
653 2806 681 2860 in
696 2807 836 2870 curatione
851 2810 930 2860 sunt:
950 2805 987 2859 ita
1008 2804 1080 2859 enim

107 2889 303 2963 intellegemus
318 2897 422 2945 ceteras
437 2906 583 2963 personas,
604 2907 672 2964 qnae
692 2898 790 2946 neutro
805 2891 864 2945 iure
880 2895 1019 2945 tenentur,
1050 2905 1081 2945 ac

107 2975 186 3047 prius
209 2973 379 3047 dispiciamus
402 2974 435 3030 de
457 2975 514 3046 his,
541 2991 609 3048 quae
631 2976 658 3030 in
680 2974 766 3030 tutela
786 2982 860 3030 sunt.
902 2967 969 3029 4Εεῑ
989 2981 1079 3029 antem
1099 2990 1113 3035 l

108 3057 214 3130 tutela,
230 3065 261 3114 nt
276 3055 385 3114 Servius
401 3057 537 3132 delinivit,
559 3061 601 3114 ins
617 3076 647 3115 ac
662 3066 784 3132 potestas
798 3059 827 3114 in
842 3058 1031 3134 capite-libero
1047 3057 1080 3114 ad

109 3207 317 3217 -——

181 3289 200 3353 ¹)
218 3311 252 3332 =
266 3289 322 3341 Gai.
343 3291 366 3348 1,
387 3292 435 3342 133
453 3298 515 3342 rest.
533 3292 566 3341 L.
585 3291 627 3342 28.
646 3292 680 3345 D.
700 3293 731 3342 de
750 3293 838 3355 adopt.
857 3292 890 3356 (1,
910 3287 945 3358 t).
1003 3289 1024 3352 ²)
1044 3291 1077 3341 L.

109 3359 213 3408 10.11.
235 3358 262 3410 C.
283 3359 315 3409 de
332 3359 421 3423 adopt.
446 3356 550 3422 (8.48).
636 3357 657 3422 ³)
675 3359 778 3411 =Gud
799 3363 826 3418 1,
847 3361 904 3410 142.
929 3360 987 3410 143.
1057 3355 1078 3419 ⁴)

109 3425 205 3544 {381ae
217 3427 332 3477 2.--—n.
352 3429 376 3476 1.
392 3442 436 3490 pr.
456 3426 480 3486 ἓ.
501 3431 525 3477 1.
544 3428 577 3477 D.
598 3427 629 3477 de
648 3430 717 3478 intel.
738 3422 789 3491 (26,
810 3424 834 3489 1)
853 3443 888 3476 ex
906 3425 992 3475 Paulli
1008 3427 1025 3474 l.
1045 3425 1078 3475 38
