2464 3916
359 211 397 250 ns
415 213 531 250 ossrcro
550 213 661 250 runicis
678 199 726 262 IV,
746 202 785 250 1⁷.
872 247 874 254 .
999 195 1059 261 197

87 348 304 412 constitutione¹
333 354 557 428 comprehensum
587 364 639 412 est.
691 355 757 410 haec
779 361 869 412 autern
895 357 983 412 omnia
1009 371 1059 430 pro

87 440 189 496 veteris
205 438 353 496 calumniae
368 439 474 496 actione
493 439 650 496 introducta
669 445 750 510 sunt,
772 455 841 512 quae
861 440 888 495 in
904 438 1061 496 desuetudi-

87 540 150 580 nem
176 523 256 596 abiit,
283 515 364 597 qun²
379 525 407 580 iu
422 531 525 597 partem
541 521 671 580 decimam
693 523 748 580 litis
775 531 898 593 actorem
919 523 1060 595 multabat,

87 608 163 683 quod
178 624 311 682 nusquam
321 607 422 664 lactum
434 624 495 664 esse
505 609 671 664 invenimus:
686 607 735 664 sed
749 623 800 682 pro
817 608 859 663 his
873 607 1061 664 introductum

87 699 132 750 est
146 701 175 748 et
189 691 341 766 praelatum
366 689 554 749 iusiurandum
579 700 607 749 et
622 701 653 748 ut
678 691 819 766 improbus
843 691 965 765 litigator
979 694 1060 750 etiam

87 777 216 834 ‹lamnum
230 786 258 834 et
272 779 408 850 impensas
422 776 479 834 litis
492 777 594 834 inlerre
608 777 762 834 adversario
778 792 828 832 suo
844 783 968 850 cogatur.
1001 769 1057 832 ³Ex
1074 787 1090 836 2

90 861 252 936 quibusdam
268 861 375 917 iudiciis
401 861 517 918 damnati
537 863 712 936 ignominiosi
727 859 811 932 liunt,
838 860 923 916 veluti
938 860 1019 932 lurti,
1036 862 1060 916 vi

87 945 227 1002 bonorum
242 953 399 1020 raptorum,
420 947 592 1018 iniuriarum,
613 946 648 1002 de
668 945 749 1018 dolo,
768 947 834 1001 item
848 945 965 1016 tutelae,
988 961 1060 1002 man·

88 1029 162 1102 dati,
188 1029 306 1104 depositi
330 1030 457 1102 directis,
483 1047 539 1086 nou
553 1031 713 1102 contrariis,
740 1029 902 1100 actionibus,
923 1031 989 1085 item
1011 1045 1061 1104 pro

88 1115 181 1187 socio,
203 1131 274 1188 quae
289 1113 321 1170 ab
336 1122 452 1188 utraque
467 1123 543 1190 parte
563 1115 666 1172 directa
680 1123 738 1186 est,
759 1123 787 1170 et
802 1113 837 1170 ob
857 1113 885 1170 id
901 1111 1014 1188 quilibet
1029 1129 1062 1168 cx

88 1200 170 1256 sociis
185 1215 218 1254 eo
234 1198 334 1256 iudicio
350 1199 490 1256 damnatus
505 1200 652 1273 ignominia
663 1206 783 1256 notatur.
808 1198 856 1254 sed
872 1197 938 1254 furti
953 1196 1062 1271 quidem

89 1291 136 1338 aut
150 1283 175 1338 vi
190 1281 326 1340 bonorum
340 1290 480 1358 raptorum
491 1291 538 1340 aut
548 1285 706 1340 iniuriarum
718 1291 765 1340 aut
779 1283 813 1340 de
826 1282 891 1338 dolo
902 1299 958 1338 non
972 1281 1063 1338 solum

89 1367 208 1422 damnati
222 1375 353 1424 notantur
366 1369 530 1442 ignominia,
552 1368 601 1425 sed
622 1369 701 1424 etiam
716 1369 801 1442 pacti:
827 1375 855 1423 et
870 1373 958 1434 recte3
978 1365 1063 1439 pluri·

89 1465 163 1506 mum
178 1453 249 1508 enim
263 1453 395 1524 interest,
421 1460 514 1508 utrum
535 1469 567 1509 ex
582 1452 682 1508 delicto
703 1452 799 1526 aliquis
821 1468 855 1507 an
871 1467 904 1508 eu
920 1456 1062 1506 contractu

89 1534 197 1592 debitor
210 1537 256 1591 sit.

155 1615 300 1676 ⁴0muium
316 1627 406 1678 autem
421 1621 559 1676 actionum
573 1620 801 1677 instituendarum
808 1620 969 1693 principium
985 1617 1017 1672 ab
1033 1633 1064 1673 ea
1081 1625 1097 1676 s

89 1712 168 1777 parte
183 1703 264 1762 edicti
279 1703 476 1778 proficiscitur,
492 1722 546 1780 qua
560 1712 671 1779 praetor
682 1705 764 1762 edicit
778 1704 812 1760 de
827 1705 855 1759 in
869 1705 911 1760 ius
925 1701 1063 1758 vocando:

90 1789 187 1861 utique
202 1789 273 1844 euim
288 1790 316 1845 in
339 1790 430 1864 primis
447 1788 614 1846 adversarius
635 1791 663 1845 iu
683 1791 726 1846 ius
741 1788 877 1846 vocandus
894 1795 952 1860 est,
979 1786 1064 1842 idest

88 1871 123 1928 ad
138 1888 201 1930 cum
215 1873 353 1930 vocandus
368 1882 425 1946 est,
447 1875 494 1947 qui
508 1875 551 1930 ius
567 1874 690 1931 dicturus
712 1875 757 1930 sit.
795 1890 847 1947 qua
862 1879 939 1947 parte
953 1877 1065 1945 praetor

88 1955 249 2030 parentibus
265 1964 292 2012 et
306 1959 445 2031 patronis,
465 1959 530 2014 item
550 1959 642 2014 liberis
657 1957 871 2031 parentibusque
885 1964 1064 2030 patronorum

89 2050 119 2097 et
139 2049 316 2114 patronarum
341 2042 415 2098 huno
433 2050 554 2116 praestat
573 2043 724 2114 bonorem,
749 2049 781 2096 ut
806 2057 863 2096 non
888 2039 966 2096 aliter
985 2039 1065 2094 liceat

54 2117 58 2124 ’
88 2123 182 2181 liberis
197 2123 357 2199 libertisque
373 2142 420 2183 eos
441 2127 469 2182 iu
488 2127 531 2182 ius
545 2141 658 2198 vocare,
680 2141 759 2199 quarn
773 2126 797 2180 si
809 2115 840 2180 ii
860 2123 893 2179 ab
913 2125 973 2197 ipso
989 2138 1065 2196 prue-

89 2218 152 2266 tore
166 2209 367 2283 postulaverint
381 2218 409 2267 et
423 2212 640 2283 impetraverint:
665 2218 694 2266 et
708 2211 732 2266 si
747 2211 808 2284 quis
824 2208 903 2266 aliter
917 2207 1065 2278 vocaverit,

89 2299 119 2352 in
134 2310 198 2350 eum
213 2310 328 2367 poenam
345 2294 495 2351 solidorum
511 2296 709 2369 quinquaginta
723 2295 876 2351 constituit.

506 2491 563 2532 rm.
575 2491 651 2532 xvn.

387 2594 437 2644 DE
457 2593 606 2645 OFFIOIO
624 2593 774 2656 ulmeis.

158 2715 305 2789 Superest,
328 2723 359 2771 ut
373 2714 407 2771 de
422 2713 513 2772 olllcio
528 2715 624 2774 iudicis
640 2717 822 2792 dispiciamus.
851 2723 888 2776 ,et
911 2713 1019 2787 quidem
1034 2714 1062 2768 in
1080 2731 1116 2774 er.

89 2801 186 2876 primis
207 2799 275 2856 illud
302 2798 445 2856 observare
470 2799 550 2858 debet
575 2799 673 2872 iudex,
699 2817 734 2858 ne
749 2801 827 2858 aliter
841 2799 957 2872 iudicet,
985 2813 1066 2872 quam

89 2883 199 2958 legibus
214 2891 261 2939 aut
282 2883 523 2942 constitutionibus
545 2894 592 2942 aut
607 2884 726 2942 moribus
741 2884 880 2960 proditum
895 2890 946 2940 est.
984 2875 1068 2938 ldeo⁵

91 2971 115 3026 si
131 2969 222 3025 noxali
236 2967 335 3025 iudicio
352 2968 474 3025 addictus
485 2978 538 3042 est,
547 2969 689 3027 observare
700 2970 839 3042 debet,ut,
854 2971 878 3026 sl
888 2968 1068 3026 condemnan-

91 3053 144 3109 dus
160 3051 295 3109 videbitur
309 3053 447 3127 dominus,
462 3055 499 3110 ita
514 3055 610 3112 debeat
625 3053 820 3112 condemnare:
836 3069 976 3114 rusulum
991 3068 1068 3108 mau-

163 3286 185 3350 ¹)
205 3285 236 3335 l..
257 3287 298 3338 14.
317 3287 342 3348 §-
361 3288 385 3340 1.
405 3285 433 3341 O.
451 3287 483 3336 de
501 3289 577 3341 iddio.
596 3287 632 3350 (3,
653 3284 688 3352 1).
742 3285 763 3349 ²)
781 3288 818 3336 sic
836 3287 912 3338 codd.
930 3292 978 3337 oet.
997 3299 1068 3348 quse

92 3355 163 3404 multi
180 3355 258 3416 infer.
274 3353 356 3414 faerit
373 3356 451 3418 igitur
469 3351 558 3416 (nam)
578 3369 641 3418 que.
727 3351 749 3419 ³)
768 3374 801 3394 =
821 3353 877 3406 Gai.
896 3357 922 3415 4,
942 3353 990 3403 182
1008 3360 1068 3403 mut.

91 3421 170 3542 *effi
189 3421 246 3540 Za:
257 3422 298 3540 8413.
309 3424 434 3543 llssgum.
504 3421 523 3488 ⁵)
542 3424 612 3472 multi
628 3423 705 3474 codd.
729 3422 805 3484 infer.
829 3419 941 3487 Tueopr.
961 3425 989 3470 et
1007 3419 1069 3470 ideo
