2484 3916
208 199 249 262 68
391 213 426 250 ne
445 212 683 254 uxenernarrosn
704 215 870 252 areanorum
889 203 985 268 11,1e.

209 357 372 430 adgnatione
392 357 593 412 nanciscuntur.
635 373 669 412 ne
695 373 763 432 ergo
785 374 817 414 eo
845 359 926 414 modo
952 367 1083 432 rumpatur
1104 362 1150 416 eius

209 447 416 512 testamentum,
442 442 513 496 sicot
533 443 621 515 ipsum
645 439 733 498 filium.
749 442 792 498 vel
816 443 944 500 heredem
967 445 1101 500 instituere
1117 446 1150 500 rel

207 525 367 581 nominatim
382 525 546 582 exheredare
561 525 642 583 dehet
657 533 789 598 testator,
805 544 840 584 ne
855 544 911 584 non
925 529 983 584 iure
998 528 1072 585 laomt
1085 537 1151 585 testa·

207 616 345 680 mentum,
366 611 403 666 ita
423 617 451 664 ot
470 616 598 684 nepotem
617 618 761 686 neptemve
781 629 814 668 ex
834 610 891 668 filio
912 629 1020 670 necesse
1035 621 1075 669 est
1087 614 1152 670 eirel

207 693 335 749 heredem
349 694 495 750 instituere
509 695 554 752 vel
567 695 746 768 exheredare,
761 711 796 754 ne
810 697 893 770 lorte,
908 700 968 756 vivo
984 715 1016 756 eo
1031 697 1082 755 lilio
1095 716 1152 755 mor·

209 786 271 849 tno,
293 778 464 835 succedendo
484 780 513 835 in
533 779 625 837 locum
645 782 704 838 eins
724 798 811 856 nepos
831 783 954 857 neptisve
979 785 1053 857 quasi
1072 783 1152 858 adgna-

207 863 280 919 tlone
298 870 427 937 rumpant
446 870 647 922 testamentum.
683 866 765 940 idque
779 866 841 942 lege
856 861 1063 924 lauretianam
1081 869 1152 942 provi.

205 963 265 1002 som
280 954 337 1018 ast,
358 949 387 1002 in
408 965 461 1021 qua
475 949 556 1004 simul
570 950 788 1007 exheredatioois
803 951 899 1008 modus
920 953 953 1008 ad
973 952 1152 1010 similitudinem

171 1041 187 1086 3
204 1038 395 1106 postremorum
415 1031 627 1092 demonstratur.
672 1027 877 1110 ²llmanoipatos
899 1036 1000 1094 liberos
1025 1039 1080 1094 inre
1098 1037 1152 1094 cirili

204 1132 293 1188 neque
314 1115 428 1172 heredes
448 1117 593 1175 instituere
613 1135 703 1194 neque
723 1121 887 1178 exheredare
906 1138 1018 1180 neeesse
1033 1131 1086 1195 ast,
1105 1123 1153 1196 qula

204 1215 261 1254 non
275 1206 340 1254 sunt
360 1202 403 1256 sul
417 1201 542 1260 heredes.
578 1204 626 1260 sod
641 1213 752 1279 praetor
767 1223 863 1264 omnes
883 1213 937 1263 tam
952 1207 1070 1265 feminini
1088 1223 1152 1264 sexus

205 1299 285 1356 qnam
299 1285 456 1357 masculini,
473 1289 496 1343 si
511 1288 625 1345 heredes
640 1306 696 1346 non
712 1292 900 1365 instituantur,
917 1293 1071 1351 exheredari
1083 1291 1151 1364 iubet,

203 1367 288 1423 virilis
303 1385 383 1426 sexus
395 1373 569 1444 nominatim,
585 1374 711 1432 seminini
723 1393 787 1433 vero
804 1384 832 1433 et
846 1379 919 1434 inter
929 1387 1045 1436 eeteros.
1074 1377 1151 1452 quodsi

203 1469 291 1526 neque
306 1453 422 1532 heredes
441 1457 560 1514 instituti
575 1458 679 1516 luerint
692 1477 785 1535 neque
796 1463 849 1534 ito,
871 1470 903 1518 ut
914 1462 1046 1535 diximus,
1061 1463 1151 1519 exhere-

203 1537 273 1609 dati,
294 1541 431 1612 promittit
450 1550 562 1614 praetor
577 1545 615 1599 eis
631 1552 726 1602 contra
746 1545 851 1605 tabulas
866 1551 1022 1604 testamenti
1037 1547 1149 1605 honorum

157 1626 184 1690 Ι4
201 1624 413 1694 possessionem.
450 1619 596 1700 ³Adoptivi
610 1627 690 1684 liheri
710 1631 842 1704 quamdiu
853 1639 919 1688 sunt
932 1634 961 1689 in
976 1640 1105 1708 potestate
1116 1647 1150 1704 pa·

155 2505 181 2594 5

202 1707 251 1761 tris
267 1705 408 1779 adoptivi,
418 1709 539 1764 eiusdem
554 1713 620 1766 iuris
636 1711 784 1786 habentur,
805 1717 883 1772 cuins
898 1725 964 1774 suot
977 1719 1055 1774 iustis
1068 1717 1150 1790 nuptiis

196 1789 332 1861 ¹quaesiti:
353 1792 444 1864 itaquae
465 1793 579 1851 heredes
600 1797 760 1854 instituendi
781 1799 824 1856 vel
846 1802 1024 1859 exheredandi
1045 1803 1103 1858 sunt
1119 1816 1150 1854 se·

194 1871 319 1928 condam
334 1891 381 1946 ea,
397 1891 466 1948 quae
481 1876 514 1934 de
529 1879 696 1936 naturalibus
711 1886 900 1956 exposuimus:
930 1887 1085 1962 emancipati
1100 1900 1149 1941 vero

198 1973 216 2011 a
230 1963 307 2030 patre
322 1959 449 2034 adoptivo
460 1977 551 2036 nequa
564 1965 624 2020 iure
638 1966 710 2022 cirili
719 1981 815 2042 ¹respue
829 1969 903 2043 quod
918 1971 951 2026 ad
962 1971 1078 2028 edictum
1090 1985 1149 2045 prae·

195 2043 269 2096 toris
291 2045 402 2117 attinet,
424 2047 497 2102 inter
518 2047 619 2105 liberos
639 2059 825 2109 numerantur.
866 2071 918 2128 qua
937 2058 1044 2112 ratione
1063 2053 1149 2122 oceidit,

201 2134 231 2181 ot
247 2143 279 2182 ex
300 2127 406 2187 diverso
429 2131 502 2204 qnod
523 2133 556 2188 ad
578 2135 729 2192 naturalem
748 2145 888 2211 parentem
909 2141 1024 2214 attinet,
1045 2137 1150 2215 quamdiu

193 2211 308 2284 quidem
322 2215 379 2270 sint
398 2217 426 2270 in
440 2216 566 2290 adoptiva
580 2218 693 2290 familia,
715 2227 905 2279 extraneorum
925 2241 1041 2282 numero
1055 2223 1150 2282 habean-

199 2302 259 2363 tur,
276 2303 307 2350 ut
322 2313 369 2352 eos
384 2315 473 2372 oeque
488 2300 602 2356 heredes
616 2304 760 2361 instituere
775 2321 864 2382 neque
879 2309 1044 2367 exheredare
1058 2322 1149 2367 necesse

198 2379 242 2432 sit.
278 2395 339 2433 cum
359 2397 424 2436 vero
446 2385 605 2456 emancipati
627 2385 730 2444 luerint
744 2389 776 2445 ah
792 2391 918 2466 adoptivo
932 2401 1028 2468 petro,
1049 2391 1149 2452 tuncin-

198 2461 303 2534 cipiunt
316 2463 343 2517 in
359 2479 391 2518 ea
405 2479 483 2520 causa
500 2482 574 2539 esse,
595 2469 624 2524 in
640 2487 692 2544 qua
706 2472 793 2531 loturi
807 2485 914 2550 essent,
930 2480 953 2534 sl
967 2478 1073 2554 abipso
1087 2482 1149 2534 noto-

197 2543 246 2600 rali
260 2552 337 2618 patre
352 2549 510 2622 emancipati
524 2549 650 2611 luissent.
683 2555 739 2614 Sed
751 2559 817 2616 haec
831 2569 953 2618 nemetae
967 2560 1148 2621 inuodoochat

194 2636 291 2685 nostra
305 2645 370 2687 vero
385 2630 567 2690 corstitutio4
587 2639 660 2695 inter
673 2643 810 2700 masculos
824 2653 852 2701 et
872 2647 984 2704 semines
999 2650 1026 2704 in
1041 2649 1090 2704 hoc
1103 2648 1150 2700 imo

190 2713 263 2770 ⁴nihil
284 2717 417 2773 interesse
432 2719 602 2794 existimans,
624 2727 689 2798 quie
706 2734 821 2801 utraque
840 2747 957 2804 persona
978 2734 1006 2788 in
1026 2733 1150 2789 homiuum

190 2802 385 2868 ,procreatione
405 2801 531 2860 similiter
549 2813 661 2866 naturae
677 2809 768 2868 officio
789 2811 915 2889 frangitur
929 2825 957 2872 et
977 2816 1150 2892 lapsantique

189 2879 339 2941 duodecim
359 2885 510 2944 tabularum
531 2906 625 2950 omnes
650 2895 774 2952 similiter
798 2897 832 2954 ad
858 2903 1047 2960 successiones
1069 2900 1099 2958 ah·
1118 2901 1149 2954 itt·

195 2969 296 3022 testato
311 2968 485 3045 vocabantur,
502 2976 577 3048 qnod
588 2985 617 3034 et
630 2987 776 3052 praetores
786 2991 883 3056 postea
897 2988 984 3044 secuti
999 3003 1058 3044 esse
1072 2984 1150 3042 rideo·

121 3075 136 3088 .
181 3055 256 3135 ¹tur,
276 3050 339 3108 ideo
360 3054 475 3128 simplex
489 3075 520 3114 ac
534 3062 621 3119 simile
640 3065 684 3120 ius
700 3071 728 3121 et
747 3067 776 3122 in
797 3065 859 3125 filiis
876 3078 904 3128 et
923 3072 951 3128 in
971 3070 1075 3128 filiabus
1090 3076 1115 3126 et
1127 3068 1149 3122 in

194 3135 291 3190 ceteris
313 3135 539 3200 descendentibus
559 3163 610 3220 per
627 3149 730 3206 virilem
745 3167 841 3210 sexum
859 3158 984 3229 personis
1002 3173 1058 3214 non
1073 3153 1150 3212 solum

197 3298 400 3312 Ἡ

210 3393 212 3400 ’
263 3413 557 3488 ¹l1u1ia01raeopa.
615 3425 886 3494 ²)=oas.1,1aa.
944 3437 964 3502 ³)
985 3439 1040 3494 aas.
1060 3441 1081 3496 1,
1100 3434 1149 3486 ma.

195 3479 894 3566 fflmtfihhstaefflmmffim
