2484 3916
431 234 467 269 uu
487 235 607 272 recurre
624 221 662 286 ΙΙ,
680 224 722 273 20.
1020 221 1062 288 85

91 375 191 450 quodsi
206 377 235 431 iu
250 376 321 432 diem
337 377 378 432 vel
399 377 450 433 sub
471 377 629 434 condicione
645 376 764 434 debitum
786 379 811 434 ei
831 395 900 453 pure
921 379 1062 453 legaverit,

91 459 157 516 utile
173 468 215 516 est
227 460 348 534 legatum
359 469 474 536 propter
484 461 769 535 repraesentationem.
797 463 895 536 quodsi
907 465 968 520 vivo
980 471 1062 520 testa·

93 553 150 599 tore
173 543 230 600 dies
254 547 357 602 venerit
377 555 423 602 aut
444 546 568 604 condicio
590 547 725 616 extiterit,
746 546 906 620 Papinianus
921 542 1061 622 scripsit,¹

91 628 157 684 utile
173 645 235 684 esse
250 629 335 685 nihilo
351 631 439 686 minus
454 629 590 704 legatum,
607 632 669 704 quia
683 630 767 687 semei
782 632 914 688 constitit.
946 631 1019 706 quod
1035 642 1063 689 et

91 729 184 768 verum
200 721 257 768 est:
272 725 327 769 non
340 715 411 770 enim
421 715 522 790 placuit
533 717 667 770 sententia
679 716 897 785 existimantium,
914 718 1062 772 extinctum

93 813 151 852 esse
165 797 299 871 legatum,
314 799 376 871 quia
390 800 419 854 in
434 816 492 856 earn
507 815 613 854 causam
628 801 762 874 pervenit,
778 816 857 873 aqua
871 800 991 874 incipere
1006 818 1062 858 non

92 890 192 954 potest.
225 880 278 938 Sed
298 883 322 937 si
342 885 421 939 uxori
442 885 553 939 maritus
575 883 666 939 dotem
682 883 829 958 legaverit,
845 884 915 939 vaiet
930 883 1061 958 legatum,
1081 891 1113 942 15

93 967 153 1038 quia
168 964 277 1040 plenius
292 973 335 1022 est
351 967 470 1042 legatum
483 985 561 1042 quarn
573 967 606 1023 dc
622 968 686 1024 dote
702 970 781 1026 actio.
812 967 861 1024 sed
876 969 899 1024 si
916 985 995 1042 quam
1006 986 1062 1024 non

92 1052 225 1123 acceperit
241 1050 332 1106 dotern
347 1051 490 1126 legaverit,
505 1051 558 1108 diri
574 1051 689 1108 Severus
705 1061 733 1109 et
748 1053 901 1110 Antoninus
915 1055 1062 1128 rescripse-

92 1140 171 1204 runt,
188 1137 211 1190 si
227 1133 335 1210 quidem
350 1137 508 1212 simpliciter
527 1137 672 1211 legaverit,
693 1137 789 1192 inutile
804 1154 865 1194 esse
884 1137 1018 1211 legatum:
1039 1139 1062 1192 si

92 1235 156 1274 vero
172 1226 246 1275 certa
261 1221 373 1292 pecunia
393 1221 435 1276 vel
451 1228 555 1276 certum
577 1237 676 1295 corpus
692 1229 738 1276 aut
758 1223 969 1278 instrumentum
990 1221 1062 1278 dotis

91 1305 120 1359 in
135 1303 316 1378 praelegando
332 1303 515 1362 demonstrata
527 1314 600 1374 sunt,
616 1305 704 1362 valere
717 1306 845 1380 legatum.
874 1305 901 1361 Si
913 1322 958 1361 res
973 1304 1061 1380 legata
1080 1313 1112 1362 16

94 1389 153 1443 sinc
169 1387 239 1444 iacto
255 1388 362 1444 heredis
376 1391 498 1463 perierit,
513 1390 644 1463 legatario
660 1389 776 1446 decedit.
807 1398 834 1444 et
850 1391 872 1444 si
888 1407 983 1445 servus
998 1391 1062 1445 alie-

94 1489 147 1528 nus
162 1472 267 1551 legatus
283 1474 341 1528 sine
356 1473 427 1530 iacto
444 1473 551 1529 heredis
566 1475 745 1529 manumissus
761 1473 861 1544 inerit,
881 1490 937 1528 nou
952 1481 1062 1528 tenetur

92 1557 182 1612 heres.
213 1559 237 1612 si
252 1573 317 1612 vcro
333 1557 440 1613 heredis
456 1574 550 1614 servus
567 1556 674 1632 legatus
686 1557 769 1613 luerit
781 1568 808 1614 et
822 1559 881 1632 ipse
896 1575 957 1612 eum
969 1573 1062 1612 manu·

92 1642 207 1710 miserit,
222 1642 309 1696 teneri
324 1657 402 1714 eum,
418 1642 535 1698 lulianus
550 1643 675 1716 scripsit,
692 1634 761 1698 ²uec
775 1644 906 1713 interest,
922 1642 1013 1698 scierit
1028 1657 1062 1696 an

91 1727 274 1800 ignoraverit,
289 1742 304 1779 a
319 1743 349 1781 se
364 1725 482 1800 legatum
498 1742 566 1781 esse.
597 1726 646 1782 sed
661 1733 688 1782 et
703 1728 726 1782 si
741 1726 785 1782 alii
800 1727 939 1782 donaverit
954 1742 1062 1781 servum

92 1816 119 1865 et
133 1811 168 1880 is,
184 1811 226 1866 cui
243 1809 358 1866 donatus
374 1818 427 1883 est,
442 1827 504 1866 eum
519 1811 718 1883 manumiserit,
735 1819 844 1868 tenetur
858 1811 955 1882 heres,
971 1820 1062 1884 quam·

93 1896 131 1950 vis
146 1895 327 1969 ignoraverit,
343 1912 358 1950 a
372 1912 402 1950 se
417 1912 478 1952 eum
496 1895 617 1970 legatvun
633 1912 703 1952 esse.
740 1895 768 1951 Si
789 1896 849 1970 quis
870 1895 979 1952 ancillas
1001 1911 1062 1950 curn
1082 1897 1112 1946 17

91 1980 148 2034 suis
164 1980 235 2034 uatis
256 1978 400 2052 legaverit,
423 1981 527 2036 etiamsi
553 1979 663 2035 anciliae
686 1989 808 2035 mortuae
829 1980 944 2050 inerint,
968 1987 1061 2053 partus

91 2063 183 2138 legato
199 2063 309 2118 cedunt.
338 2064 410 2119 idem
425 2070 482 2134 est,
503 2065 525 2119 si
541 2063 668 2119 ordinarii
687 2065 758 2119 servi
778 2080 838 2119 cum
854 2065 958 2118 vicariis
979 2062 1062 2136 iegati

91 2148 210 2218 luerint,
232 2138 293 2218 ut,3
313 2147 377 2204 licet
398 2149 499 2204 mortui
521 2149 575 2203 siut
598 2147 740 2218 ordinarii,
761 2155 849 2204 umen
864 2146 954 2202 vicarii
968 2146 1061 2220 le'gato

90 2231 197 2288 cedant.
224 2229 274 2287 sed
288 2233 312 2287 si
322 2249 416 2289 servus
432 2249 493 2290 cum
505 2231 612 2306 peculio
628 2231 709 2287 luerit
723 2231 841 2306 legatus,
857 2238 967 2286 mortuo
982 2245 1062 2286 servo

91 2315 134 2371 vei
153 2317 319 2372 manumisso
340 2317 383 2373 vel
403 2317 534 2388 alienato,
562 2323 589 2372 et
610 2316 710 2390 peculii
733 2315 854 2390 legatum
880 2316 1060 2390 extinguitur.

90 2400 161 2456 idem
184 2409 243 2472 est,
269 2401 292 2456 si
314 2400 413 2458 iuudus
434 2403 584 2457 instructus
605 2401 647 2456 vel
668 2417 729 2456 cum
749 2401 932 2456 instrumento
955 2400 1062 2474 legatus

91 2485 188 2542 fuerit:
203 2502 264 2540 nam
279 2483 364 2542 iundo
380 2486 495 2542 alienato
516 2494 544 2542 et
558 2485 731 2541 instrumenti
745 2484 866 2559 legatum
881 2486 1060 2558 extinguitur.

91 2568 119 2626 Si
139 2587 207 2644 grex
226 2569 333 2644 legatus
355 2569 437 2626 luerit
456 2578 607 2644 posteaque
634 2569 666 2624 ad
692 2585 772 2624 unam
798 2586 876 2626 ovem
896 2570 1061 2644 pervenerit,
1082 2577 1113 2630 18

90 2653 165 2728 quod
182 2653 364 2728 superfuerit,
380 2654 506 2711 vindicari
520 2662 622 2728 potest.
653 2653 741 2728 Grege
756 2661 847 2709 antem
867 2653 959 2728 legato
981 2654 1061 2708 etiarn
1081 2665 1112 2714 19

90 2755 136 2794 eas
158 2756 240 2810 oves,
268 2755 335 2812 quae
362 2748 426 2813 post
452 2746 643 2794 testamentum
666 2738 766 2794 iactum
793 2739 872 2812 gregi
899 2737 1061 2806 adiciuntur,

88 2824 184 2898 legato
199 2823 312 2894 cedere,
333 2823 451 2880 lulianus
467 2824 516 2878 ait:
538 2839 597 2878 esse
613 2823 683 2878 enirn
700 2824 793 2898 gregis
814 2837 898 2878 uuum
913 2837 1013 2895 corpus
1029 2837 1062 2876 ex

89 2907 255 2965 distantibus
272 2907 414 2982 capitibus,
431 2909 512 2964 sicuti
526 2907 632 2964 aedium
647 2923 732 2963 unum
747 2923 846 2980 corpus
862 2915 904 2962 est
919 2922 952 2961 er
967 2905 1063 2962 cobae-

88 2992 214 3049 rentibus
229 2991 377 3067 lapidibus:
398 2991 508 3049 aedibus
523 2992 641 3066 denique
656 2990 770 3066 legatis,
785 2991 923 3048 columnas
946 2999 974 3048 et
993 3007 1062 3046 mar-

87 3093 178 3149 mora,
189 3094 257 3150 quae
264 3085 328 3151 post
340 3084 529 3133 testamentum
542 3076 642 3132 iactum
652 3075 755 3133 adiecta
765 3084 840 3148 sunt,
850 3076 943 3151 legato
955 3075 1061 3133 cedere.

87 3161 116 3218 Si
132 3161 271 3236 pecudium
285 3160 405 3236 legatum
421 3161 518 3234 luerit,
539 3163 597 3217 sine
618 3155 701 3218 dubio
719 3160 850 3235 quidquid
864 3160 972 3236 peculio
988 3177 1062 3217 acce·
1081 3161 1117 3211 20

161 3375 182 3440 ¹)
201 3377 233 3432 L.
253 3378 277 3428 5.
296 3377 330 3426 D.
348 3378 384 3428 ad
401 3379 418 3427 l.
437 3377 510 3430 Fulc.
530 3376 581 3440 (35,
600 3375 636 3440 2).
723 3375 746 3440 ²)
764 3397 797 3417 =
815 3375 847 3425 L.
868 3376 925 3427 112.
944 3375 968 3434 ἕ.
988 3377 1010 3424 1.
1031 3375 1063 3425 Ι).

83 3449 119 3498 de
138 3449 189 3512 leg.
210 3447 233 3494 1.
252 3461 287 3494 ex
305 3443 437 3495 Marciani
454 3447 470 3495 l.
490 3445 506 3493 6
524 3446 604 3498 instit.
673 3441 694 3507 ³)
713 3445 813 3509 quidam
831 3443 906 3493 codd.
926 3442 1003 3504 infer.
1023 3444 1064 3492 ed.

81 3515 140 3568 Kr,
161 3519 192 3563 et
210 3513 360 3578 (posteaque
379 3509 489 3576 cedunt)
508 3513 548 3563 ed.
565 3511 640 3562 Scir.
658 3527 693 3562 ecc
711 3513 767 3560 aliis
784 3511 859 3561 codd.
