2464 3916
318 224 354 259 22
374 222 610 260 22222222222222
630 209 683 269 ΙΙΙ,
702 209 735 258 20
754 204 818 273 (21).
1000 205 1058 270 137

87 383 123 422 22
138 363 211 421 forte
226 366 268 422 vel
283 382 369 440 poena
385 366 571 422 committatur
586 365 628 421 vel
643 364 751 438 praedia
767 363 967 436 distrahantur,
992 381 1060 438 quae

86 451 197 526 pignori
213 449 273 506 data
289 458 375 522 erant,
391 450 462 507 valet
476 450 625 524 stipulatio.
656 449 738 504 Versa
749 449 807 504 vice
819 449 865 522 qui
877 448 958 504 alium
973 448 1059 504 lactu·
1076 455 1108 506 21

87 552 147 591 rum
164 535 305 608 promisit,
328 534 435 591 ridetur
449 535 476 590 in
492 551 522 590 ea
538 551 599 590 esse
614 550 709 604 causa,
730 541 760 589 22
776 549 831 589 uon
846 541 987 606 teneatur,
1008 533 1059 589 nisi

86 635 203 694 poenam
223 619 282 694 ipse
303 620 466 694 promiserit.
515 611 597 674 ¹ltem
618 633 698 674 nemo
718 633 776 673 ram
797 633 871 674 suam
892 617 1011 674 suturam
1031 619 1059 673 iu
1077 625 1110 674 22

87 721 149 762 eum
165 719 272 775 casum,
294 720 348 778 quo
364 721 412 760 sua
428 701 473 775 m,
494 703 599 759 utiliter
613 702 768 776 stipulatur.
810 700 838 757 Si
853 701 887 756 de
903 701 996 759 aliare
1012 703 1059 758 sti·
1077 709 1110 758 23

86 789 197 863 pulator
212 789 344 860 senserit,
366 788 400 844 de
416 788 465 843 alia
485 789 650 861 promissor,
672 785 785 861 perinde
801 785 876 841 nulla
890 787 1060 844 contrahitur

87 873 234 948 obligatio,
255 889 286 928 ac
306 873 329 927 si
351 872 383 928 ad
398 873 597 946 interrogatum
617 887 781 945 responsum
796 886 851 926 nou
867 877 955 942 esset,
976 870 1060 926 veluti

87 959 110 1014 si
125 957 262 1022 hominem
278 956 399 1013 Stichum
416 974 429 1011 2
445 964 472 1012 te
487 957 632 1030 stipulatus
645 957 705 1030 quis
720 955 813 1027 suerit,
829 963 860 1010 tu
875 953 908 1010 de
918 953 1058 1028 Pamphilo
1158 999 1161 1002 .

87 1042 218 1110 senseris,
235 1057 315 1114 quem
327 1040 448 1096 Stichum
461 1041 550 1097 vocari
566 1040 721 1096 credideris.
754 1038 832 1108 Quod
849 1040 921 1112 turpi
936 1054 1060 1094 excausa
1077 1039 1110 1088 24
1138 1037 1141 1044 “

87 1127 252 1200 promissum
273 1133 330 1196 est,
353 1125 437 1182 veluti
456 1126 480 1182 si
502 1126 563 1199 quis
582 1125 755 1182 homicidium
777 1124 819 1180 rel
839 1123 1011 1198 sacrilegium
1029 1138 1059 1178 se

87 1211 222 1266 iacturum
237 1211 395 1283 promittat,
411 1227 466 1266 non
483 1210 561 1266 valet.

153 1293 217 1349 Cum
233 1295 293 1368 quis
309 1294 359 1350 sub
375 1295 463 1368 aliqua
475 1294 634 1351 condicione
649 1295 733 1350 luerit
748 1293 906 1368 stipulatus,
921 1293 985 1349 licet
996 1300 1058 1348 ante
1076 1303 1110 1352 25

91 1378 274 1434 condicionem
290 1379 449 1451 decesserit,
465 1388 561 1453 postea
576 1381 709 1436 existente
720 1378 890 1450 condicione,
907 1377 985 1434 heres
1001 1379 1060 1433 eius

89 1479 171 1538 agere
185 1470 286 1537 potest.
304 1463 374 1519 idem
390 1472 475 1520 estet
491 1481 505 1518 2
520 1464 694 1537 promissoris
708 1470 795 1536 parte.
834 1453 906 1529 ²0ui
922 1462 974 1518 hoc
989 1478 1059 1516 anno
1077 1473 1110 1522 26

88 1555 133 1603 222
150 1549 202 1604 hoc
217 1564 309 1604 meuse
325 1547 381 1604 dari
398 1548 543 1622 stipulatus
560 1549 611 1618 sit,
632 1548 684 1602 nisi
700 1545 823 1602 omnibus
845 1545 966 1620 partibus
982 1561 1059 1620 prae·

86 1633 175 1688 teritis
192 1633 255 1687 anni
269 1632 311 1688 vel
326 1633 426 1688 mensis
442 1649 498 1688 non
513 1641 588 1688 recte
602 1639 688 1706 petet.
727 1630 754 1686 Si
771 1630 884 1686 fundum
900 1629 957 1686 dari
972 1631 1057 1703 stipu-
1076 1641 1108 1690 27

86 1717 150 1774 12212
171 1716 214 1773 221
235 1717 386 1789 hominem,
408 1733 462 1773 non
485 1719 588 1791 poteris
608 1717 739 1772 contiuno
760 1732 859 1790 agere,
881 1715 933 1772 nisi
955 1722 1058 1770 tautum

86 1803 168 1875 spatii
184 1803 371 1875 praeterierit,
389 1818 444 1875 quo
460 1801 568 1858 traditio
584 1799 643 1858 lieri
657 1801 755 1875 possit.

461 1999 518 2039 um.
531 1999 577 2038 xx
599 1999 681 2046 (xm).

381 2102 430 2151 Dii
449 2100 768 2154 FIDEIUSSORIBUS.

151 2217 223 2280 3Ρ22
240 2240 288 2296 22,
311 2226 356 2298 qui
372 2225 522 2298 promittit,
543 2223 634 2280 solent
649 2222 692 2278 alii
708 2221 838 2296 obligari,
855 2221 901 2295 qui
917 2218 1057 2276 fideiusso·
1074 2224 1110 2264 Pr·

85 2327 131 2366 222
147 2307 329 2383 appellantur,
346 2326 415 2382 quos
432 2309 554 2364 homines
570 2308 692 2380 accipere
706 2306 813 2376 solent,
829 2305 892 2361 dum
907 2312 1013 2376 222222,
1030 2313 1060 2359 22

85 2394 247 2468 diligentius
269 2393 318 2449 sibi
340 2402 447 2449 cautum
469 2395 514 2448 sit.
558 2392 588 2448 ln
604 2389 728 2447 omuibus
744 2400 832 2446 autem
849 2388 1058 2465 obligationibus
1079 2390 1091 2437 l

86 2479 192 2534 adsumi
208 2487 335 2552 possuut,
350 2478 377 2534 id
393 2485 436 2534 222
451 2479 508 2533 sive
522 2494 552 2532 22
569 2478 625 2532 sive
640 2475 727 2532 verbis
743 2477 799 2531 sive
815 2475 912 2532 litteris
928 2476 984 2530 sive
994 2491 1058 2530 con·

86 2579 170 2620 sensu
185 2571 340 2619 contractae
355 2563 467 2618 luerint.
513 2579 543 2618 ac
558 2578 592 2618 ne
606 2560 674 2617 illud
691 2560 799 2634 quidem
815 2561 946 2631 interest,
967 2569 1058 2616 utrum

86 2647 172 2704 civilis
194 2665 227 2704 an
243 2647 372 2704 naturalis
389 2649 424 2702 sit
440 2647 586 2720 obligatio,
608 2647 650 2700 cui
666 2645 795 2706 adiciatur
811 2643 970 2714 fideiussor,
991 2643 1057 2698 adeo

87 2731 208 2806 quidem,
224 2741 254 2788 ut
268 2749 319 2806 pro
335 2748 415 2790 servo
432 2748 542 2805 quoque
558 2729 705 2804 obligetur,
720 2730 777 2784 sive
789 2737 934 2784 extraneus
949 2729 994 2798 sit,
1012 2728 1058 2800 qui
1139 2793 1141 2796 Ι

88 2815 273 2872 fideiussorem
295 2833 404 2873 aservo
425 2817 551 2889 accipiat,
572 2816 628 2869 sive
649 2814 707 2887 ipse
727 2813 852 2869 dominus
872 2813 899 2867 in
920 2811 963 2882 id,
984 2810 1057 2884 quod

87 2900 136 2956 sibi
151 2901 311 2956 naturaliter
326 2900 449 2957 debetur.
486 2899 643 2956 Fideiussor
657 2914 712 2953 non
728 2905 831 2953 tautum
847 2898 905 2972 ipse
921 2895 1059 2972 obligatur
1074 2897 1091 2944 2

88 2983 135 3040 sed
151 2987 230 3041 etiam
246 2985 374 3042 heredem
391 2983 539 3059 obligatum
554 2982 693 3056 relinquit.
735 2979 893 3038 Fideiussor
908 2988 935 3037 ct
950 2997 1057 3056 praece·
1076 2981 1091 3029 3

88 3069 151 3126 dere
173 3069 368 3145 obligationem
389 3077 416 3125 et
431 3071 508 3142 sequi
523 3075 627 3142 potest.
672 3061 1056 3140 4812122222122121212222-
1074 3065 1091 3114 4

87 3169 144 3226 222,
172 3162 310 3229 quotquot
335 3161 416 3210 erunt
440 3169 569 3220 numero,
596 3151 699 3226 singuli
723 3152 752 3207 in
777 3151 894 3208 solidum
919 3157 1055 3208 tenentur.

153 3369 173 3434 ¹)
191 3392 225 3412 =
244 3371 276 3423 L.
295 3372 335 3423 87.
355 3371 388 3420 D.
407 3370 439 3420 de
457 3369 525 3420 verb.
545 3369 594 3419 obl.
615 3368 667 3432 (45,
688 3365 712 3431 1)
731 3383 766 3418 ero
779 3367 865 3417 Paulli
881 3367 898 3416 i.
919 3365 952 3416 ‘tt
970 3366 1005 3414 ad
1016 3367 1057 3418 ed.

85 3435 105 3500 ²)
123 3459 157 3484 ει
178 3441 208 3490 L.
227 3439 321 3490 421).
340 3439 396 3490 eod.
416 3453 451 3488 ear
469 3437 604 3500 Pomponii
620 3441 638 3487 2.
657 3439 688 3486 tt
708 3437 743 3485 od
760 3433 820 3485 Sub.
891 3431 912 3496 ³)
928 3449 971 3498 pr.
989 3433 1013 3494 §-
1033 3437 1055 3483 1.

85 3525 119 3546 =
138 3507 194 3558 Gai.
212 3511 238 3572 3,
258 3508 315 3558 115.
335 3507 392 3559 117.
413 3507 461 3555 119
478 3511 536 3554 mut.
605 3501 628 3570 ⁴)
646 3524 680 3544 =
699 3503 755 3552 cai.
775 3505 799 3565 3,
820 3503 876 3552 121.
898 3504 946 3552 122
963 3507 1022 3550 mut.
