2486 3916
187 195 229 258 74
381 210 416 246 nu
435 207 590 244 rorantem
610 207 836 244 soesrrrurmrrs
855 193 892 258 11,
914 195 953 243 to.
1034 246 1038 254 ¹

125 393 130 402 .
185 354 265 409 heres
280 351 454 408 substitutus.
489 367 549 406 nam
566 349 686 406 moribus
701 351 856 406 institutum
871 357 931 420 est,
951 360 998 421 ut,
1019 365 1083 406 eum
1098 351 1158 406 eius

186 438 280 492 aetatis
296 445 375 508 sunt,
395 437 424 492 in
439 452 491 510 qua
512 436 564 508 ipsi
578 433 630 490 sibi
645 442 836 490 testamentum
852 433 941 490 lacere
955 451 1011 491 nou
1026 445 1157 508 possunt,
1226 473 1227 506 ,

153 536 166 583 1
185 527 312 595 parentes
333 523 371 578 eis
392 520 498 577 iaciant.
536 518 593 587 Qua
613 519 718 574 ratione
739 519 862 589 excitati,
883 519 963 574 etiam
980 520 1158 576 constitutio·

185 598 267 660 nem1
286 607 425 662 innostro
446 605 586 679 posuimus
601 601 710 673 eodiee,
732 620 785 677 qua
798 611 974 677 prospectum
990 612 1047 676 est,
1072 613 1120 675 ut,
1136 607 1157 660 si

185 697 276 746 mente
291 698 385 765 oaptos
400 689 515 746 habeant
535 687 605 744 filios
622 687 662 742 vol
684 687 856 761 nepotes-vel
876 695 1044 762 pronepotes
1065 690 1158 744 euius·

186 789 302 848 cumque
323 790 404 830 serus
425 773 468 830 vel
488 773 604 848 gradus,
630 771 707 828 liceat
729 773 784 844 eis,
812 773 864 828 etsi
889 771 1005 845 puberes
1026 773 1099 844 sint,
1126 773 1158 828 ad

186 858 338 932 exemplum
353 857 493 933 pupillaris
508 857 710 914 substitutionis
725 865 812 914 certas
826 872 957 929 personas
972 856 1157 914 substituere:

185 944 228 998 sin
243 949 333 1000 autem
348 943 527 1016 resipuerint,
543 941 654 998 eandem
665 939 886 998 substitutionem
899 938 1043 1013 infirmari,
1059 947 1090 998 et
1107 943 1158 999 hoo

186 1026 219 1082 ad
234 1027 386 1102 exemplum
403 1025 543 1100 pupillaris
559 1025 776 1096 substitutionis,
798 1042 883 1099 quae,
905 1033 1051 1099 postquam
1065 1027 1158 1100 pupil-

151 1110 228 1166 ilus
249 1110 412 1182 adoleverit,
434 1107 594 1166 infirmatur.
639 1102 746 1184 ²lgitur
765 1111 793 1168 in
812 1109 940 1184 pupillari
958 1109 1157 1168 substitutione
1227 1131 1228 1194 j

185 1193 332 1250 seeundum
355 1195 506 1268 praelatum
526 1194 636 1250 modum
651 1194 773 1250 ordinata
793 1194 848 1251 duo
869 1194 1070 1267 quodammodo
1092 1206 1157 1252 sunt
1227 1221 1228 1228 ¹

185 1285 359 1350 testamenta,
374 1279 488 1336 alterum
500 1281 601 1353 patris,
617 1278 731 1336 alterum
747 1277 809 1349 lilii,
825 1287 960 1352 tamquam
973 1281 995 1335 si
1010 1281 1071 1353 ipse
1084 1279 1154 1336 iilius

185 1359 235 1417 sibi
259 1363 386 1420 heredem
412 1365 589 1420 instituisset:
615 1371 662 1419 aut
687 1372 760 1420 eerte
786 1379 870 1419 unum
892 1371 934 1420 est
960 1371 1154 1421 testamentum

151 1448 167 1496 3
185 1445 298 1504 (luorum
319 1465 473 1520 causarum,
494 1448 521 1504 id
545 1456 587 1504 est
609 1447 720 1504 duarum
741 1447 929 1505 hereditatum.
972 1443 1037 1504 ³Sin
1063 1458 1154 1506 autem

185 1533 245 1605 quis
260 1533 298 1588 ita
313 1532 507 1590 formidolosus
521 1535 567 1605 sit,
584 1542 615 1590 ut
629 1535 747 1604 timeret,
763 1549 797 1588 ne
812 1530 883 1588 filius
899 1535 957 1588 eius
972 1532 1095 1606 pupillus
1107 1534 1154 1589 ad-

185 1617 238 1672 hue
254 1633 286 1672 en
301 1633 351 1688 eo,
373 1617 445 1690 quod
461 1617 547 1692 palam
563 1617 740 1674 substitutum
756 1618 874 1690 aceepit,
896 1625 959 1690 post
975 1615 1080 1672 obitum
1096 1621 1152 1674 eius

183 1701 307 1774 periculo
321 1701 478 1758 insidiarum
494 1701 679 1758 subiceretur:
703 1701 841 1776 vulgarem
857 1701 965 1776 quidem
980 1700 1153 1759 substitutio·

184 1801 245 1840 nem
262 1785 347 1859 palam
364 1786 451 1842 iacere
467 1793 494 1842 et
509 1787 537 1841 in
552 1787 645 1859 primis
661 1788 815 1842 testamenti
830 1785 951 1860 partibus
966 1785 1064 1857 debet,
1080 1787 1151 1854 illam
1228 1833 1229 1840 ,

184 1877 274 1926 autem
289 1868 529 1941 substitutionem,
549 1886 598 1943 per
619 1886 698 1944 quam
714 1872 778 1926 etsi
795 1870 874 1926 heres
891 1871 1010 1926 extiterit
1031 1871 1151 1944 pupillus

183 1962 211 2009 et
223 1956 294 2010 iutra
307 1952 479 2028 pubertatem
494 1953 657 2025 decesserit,
678 1952 843 2010 substitutus
859 1963 985 2025 vocatur,
1007 1957 1149 2028 separatim

182 2040 210 2094 iu
230 2037 404 2094 inferioribus
424 2037 546 2112 partibus
567 2037 684 2096 seribere
706 2054 818 2112 eumque
839 2047 942 2112 partem
964 2040 1077 2112 proprio
1096 2039 1150 2095 lino

182 2125 347 2198 propriaque
357 2139 418 2180 oeta
430 2124 590 2198 consignare
602 2131 630 2178 et
644 2125 671 2178 in
686 2124 777 2196 priore
789 2131 865 2196 parte
876 2125 1031 2178 testamenti
1046 2140 1150 2194 eavere,

182 2225 217 2264 ne
232 2208 375 2264 inferiores
397 2207 502 2264 tabulae
523 2210 583 2263 vivo
605 2206 661 2264 fibo
677 2215 704 2263 et
719 2206 807 2263 adhue
826 2205 964 2280 impubere
985 2209 1149 2281 aperiantur.

181 2291 249 2347 illud
263 2291 349 2363 palam
364 2301 422 2363 est,
442 2309 498 2348 non
513 2292 573 2347 ideo
589 2294 677 2346 minus
692 2292 780 2347 valere
795 2290 1016 2348 substitutionem
1031 2291 1151 2366 impube·
1229 2287 1230 2308 ¹

182 2375 220 2428 ris
236 2372 299 2443 filii,
316 2375 389 2446 quod
404 2377 432 2429 in
447 2374 541 2430 iisdem
556 2373 653 2430 tabulis
669 2377 769 2448 scripta
784 2377 834 2447 sit,
856 2375 953 2450 quibus
968 2373 1020 2432 slbi
1035 2379 1148 2451 quisque
1229 2369 1230 2388 ³

182 2456 310 2512 heredem
336 2458 515 2527 instituisset,
547 2460 665 2530 quamvis
689 2459 741 2516 hoo
766 2460 870 2534 pupillo
895 2461 1078 2534 periculosum
1104 2463 1147 2518 sit.

147 2535 165 2584 4
183 2533 261 2597 4Νοι]
276 2540 365 2596 solum
381 2548 471 2598 autem
486 2539 630 2598 heredibus
645 2544 778 2600 institutis
800 2543 983 2619 impuberibus
1005 2544 1097 2602 liberis
1113 2547 1149 2602 ita

182 2625 348 2682 substituere
362 2633 489 2700 parentes
503 2633 633 2700 possunt,
656 2635 687 2683 ut
702 2635 729 2684 et
744 2630 767 2684 si
785 2628 900 2686 heredes
916 2631 954 2686 eis
969 2631 1108 2686 extiterint
1123 2639 1150 2686 et

181 2719 244 2768 ante
259 2709 429 2786 pubertatem
445 2713 545 2768 mortui
559 2709 676 2784 luerint,
693 2713 728 2768 sit
744 2713 782 2768 eis
798 2713 876 2769 heres
891 2715 925 2786 is,
942 2731 1022 2788 quem
1037 2716 1089 2789 ipsi
1104 2731 1149 2770 ro-

181 2796 298 2867 luerint,
319 2795 462 2852 sedetiam
478 2795 657 2852 exheredatis.
693 2799 784 2869 itaque
800 2813 833 2852 eo
848 2814 912 2854 oasu
927 2799 950 2854 si
966 2797 1030 2872 quid
1045 2799 1149 2874 pupillo

181 2896 214 2936 en
230 2879 423 2936 hereditatibus
434 2880 565 2954 legatisve
576 2888 623 2936 aut
634 2880 824 2938 donationibus
839 2885 1058 2956 propinquorum
1070 2893 1149 2958 atque

181 2965 328 3018 amicorum
342 2964 506 3037 adquisitum
522 2963 614 3038 luerit,
629 2965 657 3021 id
668 2981 748 3022 omne
763 2965 796 3021 ad
811 2965 989 3022 substitutum
1000 2961 1149 3042 pertinet.⁵

181 3063 366 3121 quaecumque
393 3049 507 3106 diximus
533 3048 567 3105 de
587 3048 782 3106 substitutione
806 3050 976 3125 impuberum
1001 3051 1147 3120 liberorum

249 3278 269 3346 ¹)
288 3282 320 3330 L.
341 3283 365 3332 9.
383 3281 412 3331 0.
432 3283 464 3332 de
481 3281 573 3346 improb.
592 3289 618 3330 et
636 3283 694 3332 aliis
712 3281 746 3346 (6,
764 3282 816 3344 26).
887 3281 907 3346 ²)
923 3286 981 3348 fere
999 3305 1033 3325 =
1053 3285 1108 3340 Gai.
1121 3288 1146 3345 2,

182 3350 232 3398 180
250 3351 314 3399 med.
384 3347 457 3410 ³)=
477 3348 577 3406 date,
598 3349 644 3398 181
664 3357 724 3399 mut.
797 3348 818 3412 ⁴)
833 3351 943 3413 [ονε-τ
963 3352 1019 3403 Gai.
1038 3354 1069 3416 2,
1089 3353 1146 3406 182.

183 3417 242 3464 183.
328 3415 349 3479 5)
366 3418 404 3466 sie
422 3417 523 3481 quidam
545 3417 620 3466 codd.
638 3417 717 3478 inser.
735 3431 789 3466 eum
808 3418 871 3468 Gaio
890 3425 915 3468 et
937 3419 1049 3483 Theoplz.
1070 3410 1146 3471 ἕλεύ·

181 3493 260 3530 σεται
277 3484 417 3547 pertineel
433 3485 510 3534 codd.
528 3490 577 3532 oet.
597 3484 656 3532 edd.
676 3484 751 3534 Scir.
770 3491 796 3535 et
815 3485 863 3535 Kr.
