2486 3916
236 196 277 260 38
515 213 550 248 os
564 175 666 248 'eunom
684 211 831 248 1>1v1srouu
849 197 886 257 11,
908 199 930 247 l.

238 355 394 428 occupantis
410 352 449 409 stt.
480 353 629 410 naturalem
650 362 740 410 autem
760 353 912 409 libertatem
927 355 1048 427 recipere
1069 352 1195 427 intellegi-

124 505 128 512 ,
238 447 293 510 tur,
310 455 370 494 cum
386 438 428 494 vel
444 437 539 494 oculos
555 445 617 493 tuos
634 437 761 512 effugerit
776 438 818 493 vel
833 438 871 493 ita
885 439 921 494 sit
935 439 963 492 in
979 445 1131 511 conspectu
1146 447 1195 496 tuo.

187 537 219 586 13
238 532 269 578 ut
284 521 400 578 difficilis
416 524 451 578 sit
467 524 524 578 eius
539 524 702 596 persecutio.
732 521 801 579 lllud
817 524 968 600 quaesitum
982 529 1036 594 est,
1052 539 1096 592 an,
1112 523 1196 577 silero

237 607 323 664 bestia
338 609 374 662 ita
389 607 528 664 vulnerata
543 609 593 678 sit,
615 614 645 662 ut
659 609 716 681 capi
732 608 834 680 possit,
855 607 946 662 statim
960 614 1008 661 tua
1022 622 1084 662 esse
1100 607 1195 661 intelle·

238 700 328 765 gatur.
359 691 518 766 quibusdam
533 692 649 765 placuit,
665 693 757 748 statim
772 699 846 747 tuam
861 707 920 746 esse
935 699 963 747 ct
978 707 1012 747 eo
1028 707 1117 764 usque
1135 699 1196 745 tuam

237 776 331 848 videri,
348 775 434 832 donec
449 793 506 832 eam
521 777 708 850 persequaris3
724 775 821 850 quodsi
837 775 948 832 desieris
969 777 1115 850 persequi,
1137 775 1195 830 desi·

237 877 303 916 nere
320 868 392 916 tuam
408 877 468 916 esse
483 867 510 915 et
526 876 621 915 rursus
637 859 696 916 fieri
711 861 877 933 occupantis.
903 860 947 916 alii
963 876 1018 915 non
1032 859 1114 916 aliter
1129 869 1196 932 puta·

238 953 335 1000 verunt
346 953 418 1000 tuam
431 961 501 1015 esse,
517 946 632 1018 quamsi
647 945 760 1018 ceperis.
788 943 836 1000 sed
850 945 1030 1018 posteriorem
1044 945 1195 999 sententiam

238 1046 288 1084 nos
305 1027 510 1100 confirmamus,
532 1029 594 1102 quia
608 1028 692 1084 multa
706 1028 827 1086 accidere
848 1029 954 1100 solent,
971 1035 1001 1083 ut
1017 1045 1075 1083 eam
1092 1045 1149 1084 uon
1163 1044 1196 1082 ca·

188 1129 220 1176 14
238 1113 305 1186 pias.
337 1113 433 1185 Apium
449 1129 559 1187 quoque
580 1120 674 1168 natura
696 1112 750 1168 iera
771 1120 821 1168 est.
857 1114 949 1187 itaque
970 1129 1038 1186 quae
1059 1114 1088 1167 in
1111 1111 1196 1167 arbore

238 1203 284 1251 tua
299 1195 487 1268 consederint,
509 1206 653 1271 antequam
668 1215 683 1253 a
697 1205 725 1252 te
741 1197 816 1253 alveo
837 1197 1025 1268 includantur,
1047 1213 1106 1252 non
1122 1198 1195 1268 magis

238 1289 299 1336 tuae
315 1297 375 1337 esse
390 1280 598 1356 intelleguntur,
615 1299 695 1355 quam
709 1282 848 1352 volucres,
865 1299 933 1355 quae
948 1283 975 1337 in
992 1290 1039 1337 tua
1054 1280 1151 1336 arbore
1166 1281 1196 1334 ni·

238 1365 302 1420 dum
318 1364 444 1422 iecerint:
460 1366 577 1440 ideoque
592 1367 614 1422 si
630 1366 697 1422 alius
713 1383 757 1422 eas
773 1366 923 1437 incluserit,
938 1369 959 1422 is
972 1383 1063 1422 earum
1079 1365 1195 1420 dominus

237 1451 298 1506 erit.
330 1450 405 1508 lavos
422 1467 532 1524 quoque
552 1453 575 1507 si
591 1468 660 1525 quos
676 1452 726 1508 bae
742 1451 871 1522 iecerint,
895 1449 1008 1524 quilibet
1023 1451 1143 1506 eximere
1158 1464 1195 1521 po·

237 1543 301 1590 test.
331 1535 410 1610 plane
431 1537 598 1610 integrare,
620 1538 643 1592 si
663 1534 813 1610 provideris
833 1535 1030 1608 ingredientem
1047 1536 1075 1589 in
1092 1533 1196 1588 fundum

239 1628 325 1690 tuum,
342 1627 420 1692 potes
433 1637 493 1688 eum
509 1623 568 1676 iure
578 1619 734 1694 prohibere,
747 1637 781 1676 ne
793 1619 969 1693 ingrediatur.
996 1635 1119 1689 examen,
1131 1615 1195 1690 quod

238 1719 271 1758 en
287 1703 362 1758 alveo
380 1712 426 1758 tuo
439 1703 595 1774 evolaverit,
611 1721 644 1759 eo
657 1720 744 1777 usque
759 1711 836 1758 tuum
849 1720 908 1760 esse
922 1703 1103 1777 intellegitur,
1119 1701 1196 1756 donec

237 1787 265 1840 in
281 1793 431 1860 conspectu
447 1793 494 1842 tuo
511 1794 552 1843 est
567 1804 617 1844 nec
631 1786 749 1843 difficilis
765 1789 823 1844 eius
839 1789 993 1862 persecutio
1010 1795 1067 1843 est:
1084 1787 1195 1859 alioquin

188 1885 219 1933 15
239 1871 394 1943 occupantis
410 1868 449 1925 iit.
480 1869 617 1927 Pavonum
638 1879 666 1927 et
680 1871 865 1928 columbarum
885 1871 941 1928 scra
962 1879 1058 1928 natura
1073 1879 1125 1928 est.
1155 1885 1195 1924 nee

238 1953 271 2010 ad
286 1971 342 2010 rem
358 1956 494 2029 pertinet,
510 1955 584 2030 quod
599 1973 631 2013 en
647 1956 844 2012 consuetudine
859 1957 966 2014 avolare
981 1965 1009 2012 et
1023 1955 1145 2012 revolare
1159 1970 1196 2008 so-

237 2038 308 2096 lent:
329 2057 390 2096 nam
412 2048 439 2096 et
459 2057 524 2116 apes
545 2039 615 2096 idem
635 2041 751 2112 iaciunt,
780 2057 894 2115 quarum
914 2048 1021 2098 constat
1041 2040 1125 2096 leram
1144 2054 1196 2094 esse

237 2132 372 2182 naturam:
393 2141 487 2182 cervos
503 2143 614 2202 quoque
633 2127 672 2182 ita
686 2124 794 2200 quidam
816 2133 972 2182 mansuetos
993 2123 1109 2195 babent,
1131 2131 1161 2178 ut
1174 2123 1196 2175 iu

237 2209 318 2265 silvas
338 2212 378 2266 ire
398 2218 426 2266 et
446 2211 534 2266 redire
556 2211 677 2282 soleant,
702 2227 818 2283 quorum
845 2218 872 2265 et
892 2212 1013 2283 ipsorum
1036 2209 1118 2265 leram
1144 2222 1196 2262 esse

236 2302 358 2349 naturam
374 2298 454 2350 nemo
469 2303 560 2368 negat.
590 2296 675 2350 iubis
691 2305 780 2350 autem
801 2294 973 2365 animalibus,
995 2310 1066 2367 quae
1086 2309 1120 2349 en
1140 2308 1197 2347 con·

238 2377 382 2434 suetudine
398 2377 470 2433 abire
492 2387 519 2434 et
534 2378 623 2434 redire
639 2379 744 2450 solent,
765 2379 826 2434 talis
848 2379 944 2452 regula
964 2377 1137 2452 comprobata
1152 2383 1197 2430 est.

238 2468 268 2517 ut
284 2477 317 2516 eo
333 2478 420 2534 usque
435 2468 482 2516 tua
497 2478 558 2517 esse
577 2462 787 2536 intellegantur,
812 2463 899 2518 donec
919 2465 1036 2518 animum
1050 2458 1198 2518 revertendi

238 2544 367 2602 habeant:
384 2562 445 2600 nam
460 2547 482 2601 si
497 2546 652 2602 revertendi
668 2548 784 2603 animum
797 2546 896 2602 habere
906 2547 1046 2617 desierint,
1062 2549 1143 2602 etiam
1158 2552 1198 2598 tua

238 2647 298 2686 esse
314 2629 442 2686 desinunt
457 2638 485 2685 et
501 2628 568 2686 liunt
585 2633 782 2704 occupantium.
813 2631 967 2688 revertendi
982 2639 1072 2686 autem
1087 2632 1197 2686 animum

238 2715 364 2772 videntur
379 2713 504 2770 desinere
519 2713 628 2787 babere,
645 2731 706 2771 cum
720 2715 874 2772 revertendi
889 2715 1117 2772 cousuetudinem
1128 2713 1196 2768 dese·

188 2814 219 2862 1ss
237 2800 352 2856 ruerint.
384 2797 547 2855 Gallicarum
568 2807 595 2856 et
617 2816 741 2856 anserum
764 2817 819 2856 non
835 2807 876 2855 est
891 2799 949 2855 sera
963 2807 1059 2854 natura
1074 2799 1156 2872 idque
1170 2811 1197 2850 et

239 2900 271 2939 eo
287 2899 433 2957 possumus
448 2883 624 2958 intellegere,
646 2883 719 2957 quod
735 2884 801 2940 aliae
817 2892 882 2940 sunt
897 2883 1028 2958 gallinae,
1052 2900 1119 2956 quas
1135 2883 1197 2936 ieras

239 2983 375 3039 vocamus,
391 2969 456 3023 item
472 2967 515 3023 alii
531 2985 650 3040 anseres,
667 2985 735 3041 quos
752 2968 825 3025 seros
841 2968 1016 3042 appellamus.
1048 2967 1164 3041 ideoque
1178 2964 1197 3018 si

238 3067 347 3107 anseres
363 3053 404 3108 tui
419 3055 464 3108 aut
474 3053 589 3126 gallinae
605 3062 667 3109 tuae
679 3053 770 3126 aliquo
786 3069 850 3109 casu
861 3052 962 3108 turbati
973 3051 1131 3108 turbataeve
1143 3066 1197 3105 evo-

237 3136 368 3208 laverint,
383 3137 447 3193 licet
462 3145 637 3212 conspectum
655 3144 729 3192 tuum
745 3137 905 3211 effugerint,
928 3152 1101 3210 quocumque
1117 3144 1196 3190 tamen

237 3220 299 3277 loco
315 3223 385 3294 sint,
401 3223 441 3277 tui
457 3231 553 3279 tuaeve
569 3239 628 3278 esse
643 3221 854 3296 intelleguntur:
875 3229 903 3276 et
919 3222 964 3294 qui
979 3219 1102 3275 lucrandi
1117 3220 1196 3274 animo

186 3317 220 3365 17
238 3323 269 3361 ea
284 3306 405 3362 animalia
421 3308 536 3378 retinet,
558 3306 661 3362 lurtum
677 3307 847 3361 committere
861 3305 1051 3378 intellegitur.¹
1077 3303 1144 3374 ltem
1163 3317 1196 3357 ea.

238 3405 306 3462 quae
327 3406 360 3446 es
380 3391 503 3447 hostibus
526 3392 661 3464 capimus,
684 3392 743 3445 iure
759 3390 880 3462 gentium
901 3390 991 3444 statim
1012 3385 1196 3444 mostrabunt:

238 3473 305 3530 adeo
322 3475 445 3548 quidem,
461 3484 491 3531 ut
507 3483 534 3531 et
549 3474 624 3530 liberi
638 3475 761 3530 homines
776 3473 803 3526 in
815 3473 971 3528 servitutem
984 3479 1107 3528 nostram
1123 3471 1197 3526 dedu·
