2484 3916
166 156 209 222 90
244 174 280 208 nn
300 169 479 208 anrnrrronn
499 169 639 218 ueneror.
658 171 693 206 nn
713 171 785 210 aner
805 170 941 206 renorma
953 156 989 219 11,
1003 157 1044 205 21.
1058 158 1102 205 22.

167 315 286 389 quamvis
313 305 396 368 alias¹
422 312 537 368 militurn
564 313 717 370 voluntates
738 315 767 368 in
789 312 944 370 ordinandis
966 314 1139 374 testamentis

166 399 242 454 valde
258 397 444 454 observantur.
469 397 548 470 'quin
569 399 648 452 etiam
667 414 718 454 neo
738 397 889 454 libertatem
908 413 1012 470 poenae
1026 399 1139 453 nominc

167 483 224 538 dari
242 499 325 556 posse
343 481 475 556 placebat.
512 499 544 540 eo
565 482 680 556 amplius
695 499 746 538 nec
766 481 893 538 heredem
908 497 1012 554 poenae
1027 483 1141 537 nomine

167 567 235 624 adici
249 583 331 642 posse
343 565 456 622 Sabinus
473 565 654 638 existimabat,
666 567 751 623 veluti
766 567 861 640 siquis
876 567 914 622 ita
929 565 1013 621 dicat:
1030 583 1140 624 rmrus

172 667 275 710 unone
289 665 385 708 nero:
401 667 430 710 ει
445 667 550 709 rmus
564 665 675 708 amram
690 666 773 708 suan
785 665 856 710 snro
870 667 904 708 rn
915 666 1142 708 unrmuommr

167 751 524 807 connooavnn1r‚es1us
546 751 674 800 nuocnn
693 752 794 794 nunus
815 750 909 793 nero:
930 733 997 790 nihil
1012 737 1083 791 enim
1099 736 1141 790 in-

169 827 279 892 tererat,
296 837 348 894 qua
363 821 468 876 ratione
484 819 570 876 Titius
586 829 758 892 coerceatur,
774 827 866 876 utrum
881 819 965 893 legati
979 819 1089 876 datione
1106 837 1141 874 an

168 904 309 961 coheredis
335 904 495 960 adiectione.
532 912 559 960 at
584 904 737 960 huiusmodi
764 904 960 978 scrupulositas
982 903 1064 964 nobis
1082 921 1142 960 non

167 990 268 1063 placuit
288 996 315 1044 et
330 988 493 1062 generaliter
514 1005 559 1060 ea,
576 1005 644 1062 quae
659 989 865 1063 relinquuntur,
885 989 949 1044 licet
967 1005 1071 1061 poenae
1088 1005 1142 1044 no·

167 1075 239 1130 mine
259 1072 360 1128 luerint
380 1073 474 1128 relicta
495 1074 537 1129 vel
557 1073 680 1147 adempta
700 1073 743 1129 vel
767 1075 795 1130 in
815 1074 882 1130 alios
903 1071 1047 1146 translata,
1070 1073 1142 1128 nibil

167 1157 267 1212 distare
282 1173 296 1210 a
311 1158 410 1216 ceteris
425 1157 523 1232 legalis
538 1149 749 1214 constitnimns²
769 1157 812 1214 vel
827 1159 855 1214 in
870 1156 958 1214 dando
980 1157 1023 1212 vel
1037 1159 1074 1228 in
1084 1156 1142 1212 adi-

167 1241 265 1296 mendo
281 1240 324 1296 vel
338 1243 366 1297 in
380 1242 583 1299 transferendo:
606 1245 725 1316 exceptis
741 1243 782 1298 his
797 1242 937 1312 videlicet,
953 1257 1021 1316 quae
1037 1243 1143 1315 impos·

167 1325 254 1383 sibilia
272 1335 337 1382 suut
352 1325 394 1382 rel
409 1326 515 1402 legibus
530 1327 672 1384 interdicta
687 1334 733 1384 aut
744 1327 807 1382 alias
821 1326 967 1401 probrosa:
983 1326 1144 1400 huiusmodi

167 1412 237 1466 enim
254 1417 414 1468 testatorum
430 1411 622 1486 dispositiones
638 1411 742 1483 valere,
758 1420 831 1468 secta
845 1419 999 1484 temporum
1014 1427 1144 1468 meorum

167 1512 222 1552 non
238 1497 349 1570 patitur.

583 1691 641 1732 rm.
653 1691 717 1732 XXI.

371 1795 421 1844 DE
439 1793 681 1844 ADEMPTIONE
700 1795 938 1846 LEGATORUM.

116 1926 151 1965 Pr·
233 1917 376 1992 Ademptio
387 1917 550 1991 legatorum,
566 1919 622 1988 sive
633 1916 728 1974 eodem
741 1926 902 1974 testamento
919 1917 1067 1974 adimantur
1081 1919 1145 1972 sive

83 2011 86 2018 ’
168 2001 313 2074 codicillis,
329 2001 405 2058 lirma
420 2011 478 2074 est,
494 2003 550 2058 sive
565 2003 707 2059 contrariis
724 2001 811 2058 verbis
828 2001 872 2059 liat
888 2001 1038 2076 ademptio,
1053 2003 1146 2058 veluti

165 2090 201 2160 si,
218 2088 291 2162 qnod
306 2089 343 2144 ita
358 2088 418 2162 quis
433 2086 564 2161 legaverit
574 2104 617 2145 no
633 2103 728 2158 nuno,
743 2089 779 2142 ita
794 2087 926 2144 adimatur
936 2103 1000 2146 non
1012 2102 1055 2144 no
1072 2103 1146 2144 noar

166 2189 267 2244 nune,
288 2174 344 2229 sive
366 2189 421 2228 non
436 2174 594 2244 contrariis,
616 2171 643 2228 id
664 2180 707 2228 est
727 2171 784 2228 aliis
806 2171 1021 2246 quibuscumque
1036 2169 1145 2228 verbis

134 2258 319 2314 1’lransierri
341 2273 451 2330 quoque
471 2257 591 2330 legatum
613 2255 645 2310 ab
666 2255 718 2312 alio
739 2255 771 2312 ad
792 2255 873 2312 alium
886 2264 994 2330 potest,
1014 2256 1102 2312 veluti
1117 2259 1147 2312 si

168 2344 229 2414 quis
250 2344 287 2396 ita
307 2341 416 2396 dixerit:
446 2356 592 2398 nonmnm
615 2343 767 2413 srr'crauu,
790 2357 877 2406 nunu
898 2357 987 2398 r1r10
1008 2357 1145 2412 annam,

168 2440 239 2481 sero
255 2441 298 2482 no
317 2439 418 2494 cneo,
442 2425 546 2480 sivein
570 2424 665 2480 eodem
686 2434 849 2482 testamento
869 2426 926 2481 sive
952 2423 981 2482 in
1006 2424 1145 2482 codicillis

168 2509 220 2566 hoc
236 2507 344 2566 lecerit:
361 2524 415 2582 quo
431 2525 495 2564 casn
510 2509 591 2566 simul
602 2509 673 2566 'litio
689 2509 769 2568 adimi
784 2509 890 2566 videtur
905 2518 933 2566 et
948 2509 1010 2566 Seio
1027 2509 1095 2566 dari.

581 2707 638 2748 rm.
651 2707 732 2751 xxm.

467 2809 517 2858 Du
536 2809 634 2861 Lmen
651 2809 835 2860 FALCIDIA.

114 2930 151 2971 er.
233 2931 379 3006 Superest,
401 2940 432 2987 ut
452 2931 485 2988 de
500 2931 561 3006 lege
577 2931 692 2990 llalcidia
707 2933 892 3006 dispiciamus,
909 2950 961 3006 qua
976 2931 1076 2988 modus
1091 2951 1147 2990 no·

167 3017 274 3070 vissime
295 3016 392 3090 legatis
413 3007 556 3090 impositus
578 3025 628 3074 est.
665 3035 726 3074 cum
746 3019 817 3074 enim
839 3017 902 3074 olim
918 3017 980 3092 lege
995 3017 1146 3074 duodecim

91 3151 93 3155 .
168 3099 321 3156 tabularum
343 3099 425 3156 libera
447 3109 503 3156 erat
528 3101 636 3176 legendi
651 3109 788 3176 potestas,
814 3108 846 3156 nt
865 3102 959 3158 liceret
979 3101 1023 3157 vel
1048 3109 1146 3158 totum

169 3185 361 3258 patrimonium
376 3185 473 3259 legatis
490 3201 603 3260 erogare
625 3186 736 3261 (quippe
752 3203 782 3242 ea
797 3187 859 3260 lege
874 3189 911 3242 ita
926 3193 1035 3242 cautum
1051 3195 1145 3242 essct:

167 3317 370 3328 --·-----—-.-.-.

237 3383 255 3446 ¹)
273 3385 311 3434 sic
333 3383 448 3448 Tneopn.
462 3385 542 3446 pauci
558 3385 633 3434 codd.
652 3385 730 3446 infer,
759 3385 833 3434 eliae
851 3400 886 3434 σω
904 3387 978 3438 codd.
1003 3392 1053 3448 oet.
1079 3387 1144 3448 edd.

169 3447 242 3500 Solar.
260 3459 286 3500 et
302 3451 354 3502 Kr.
423 3448 444 3511 ²)
463 3450 495 3499 L.
512 3467 553 3500 un.
574 3451 600 3504 0.
619 3453 651 3502 de
669 3453 720 3515 laic,
740 3468 804 3518 quae
819 3467 921 3516 poenae
940 3449 975 3518 (6,
993 3451 1047 3517 41).
1127 3517 1129 3520 Ι
