2464 3916
358 223 395 258 nn
414 221 545 259 ruscrcrs
564 189 687 260 runicus
706 207 752 272 IV,
773 209 813 260 18.
1010 207 1071 272 199

107 362 500 422 heredibnsadiudiearedebet
515 372 553 436 et,
568 365 591 420 si
607 365 636 420 in
652 363 762 421 alterius
769 381 886 438 persona
892 381 1070 440 praegravare

99 449 220 506 videatur
234 448 413 520 adiudicatum
434 448 515 505 delet
534 449 608 505 irone
621 449 736 506 invicem
757 449 886 506 concredi
901 458 975 508 certe
989 467 1070 524 pecn-

98 535 158 605 nia,
172 534 244 590 sicat
258 535 310 590 iem
326 533 427 590 dictum
448 526 529 605 est‚¹
556 532 745 590 condemnare.
776 549 810 590 eo
830 549 942 608 quoqne
962 537 1070 592 nominc

100 617 227 675 coheredi
253 618 370 692 quisque
394 634 446 674 sno
462 616 681 675 condemnandus
701 626 760 689 est,
786 617 859 692 qnod
874 619 949 676 solus
964 618 1070 676 iructus

100 701 254 758 hereditarii
279 702 356 758 standi
377 705 500 776 percepit
525 710 572 758 aut
595 718 651 758 rem
673 702 861 758 hereditariam
882 705 1004 778 corrupit
1024 713 1071 762 aut

99 787 278 860 consumpsit.
309 803 379 860 quae
398 786 508 861 quidem
527 787 652 844 similiter
671 787 743 843 inte·
755 786 850 860 plures
866 803 976 862 quoque
990 805 1070 862 quam

100 869 170 928 duos
185 870 333 929 coheredes
348 870 564 946 subsequuntur.
594 869 693 928 lisdem
712 872 896 930 interveniunt
916 880 945 928 et
959 874 983 928 si
997 890 1070 930 com·
1088 895 1104 944 5

100 957 175 1012 muni
189 955 334 1012 dividundo
360 955 395 1012 de
420 955 543 1030 pluribus
558 954 641 1012 rebus
666 963 756 1013 actum
781 955 874 1025 suxit.
911 957 985 1031 quod
999 959 1024 1014 si
1038 957 1071 1015 de

100 1053 155 1096 una
169 1056 216 1112 re,
236 1040 320 1098 veluti
335 1040 370 1096 de
385 1039 487 1110 lando,
510 1043 533 1097 si
556 1041 664 1114 quidem
685 1041 737 1098 iste
757 1039 857 1098 fundus
873 1041 1014 1098 commode
1029 1059 1071 1098 re·

102 1122 230 1199 gionibus
244 1124 404 1182 divisionem
424 1127 554 1200 recipiet,
580 1133 672 1198 partes
698 1126 758 1182 eius
783 1125 899 1200 singulis
920 1125 1071 1183 adiudicare
1129 1185 1131 1188 .

101 1199 234 1281 deiciet,
251 1212 274 1266 si
289 1211 369 1266 unius
385 1225 448 1284 pars
462 1226 641 1284 praegravare
661 1208 810 1281 videbitur,
832 1211 854 1266 is
870 1211 983 1266 invicem
998 1220 1072 1268 certa

100 1295 215 1367 pecunia
225 1293 305 1350 alteri
319 1293 541 1351 condemnandus
556 1302 613 1351 est:
641 1293 739 1368 quodsi
759 1294 900 1351 commode
921 1294 1002 1351 dividi
1016 1312 1072 1352 non

100 1377 203 1452 possit,
219 1378 262 1434 vel
273 1377 355 1435 homo
371 1379 443 1436 iorte
458 1386 506 1435 aut
520 1378 611 1436 mulus
624 1380 692 1450 erit,
717 1378 752 1438 dc
769 1395 823 1454 quo
844 1387 933 1436 actnm
947 1381 998 1450 sit,
1026 1381 1072 1436 uni
1097 1405 1100 1414 ⁴

101 1470 176 1518 totus
190 1462 383 1532 adiudicandum
398 1471 440 1520 est
455 1471 484 1520 et
498 1464 520 1519 is
535 1463 613 1520 elteri
625 1471 698 1520 ceste
712 1465 826 1537 pecunia
840 1463 1069 1521 condemnandus.

101 1546 131 1602 Si
145 1545 238 1602 linium
253 1547 440 1622 regundorum
455 1555 544 1605 actum
565 1548 664 1619 luerit,
684 1547 817 1621 dispicere
833 1547 914 1604 debet
926 1547 1023 1621 iudex,
1038 1565 1071 1604 an
1090 1564 1106 1612 6

102 1633 251 1687 necessarie
265 1633 302 1688 sit
316 1631 486 1688 adiudicatio.
519 1649 668 1706 quaesere
684 1649 738 1689 uno
763 1647 828 1690 casu
853 1635 1004 1690 necessarie
1019 1641 1072 1704 est,

102 1715 126 1770 si
141 1714 351 1772 evidentioribus
372 1714 470 1772 finibus
485 1717 617 1792 distingui
639 1731 721 1792 egros
736 1717 904 1774 commodius
920 1719 970 1788 sit,
991 1733 1072 1791 quam

104 1797 168 1856 olim
184 1799 301 1858 luissent
315 1800 450 1870 distincti;
473 1817 533 1857 nam
551 1810 617 1858 tunc
630 1817 743 1858 necesse
769 1810 811 1859 est
831 1819 864 1858 ex
879 1801 990 1858 alterius
1005 1819 1072 1876 agro

102 1890 206 1957 partem
221 1885 337 1958 aliquem
353 1885 463 1942 alterius
479 1887 537 1961 egri
552 1885 663 1944 domino
678 1887 837 1944 adiudicari:
860 1903 915 1961 quo
930 1903 994 1943 casu
1009 1903 1073 1944 con·

103 1969 212 2024 veniens
234 1977 292 2041 est,
313 1977 344 2024 at
358 1971 381 2024 is
397 1970 474 2026 elteri
489 1979 564 2028 certa
578 1973 692 2046 pecnma
712 1971 808 2028 debeat
827 1971 1009 2028 condemnari.
1040 1988 1072 2028 eo

104 2067 214 2127 quoque
228 2055 338 2110 nomine
352 2053 517 2110 damnandus
532 2064 575 2112 est
590 2057 706 2129 quisque
720 2055 773 2111 hoc
787 2054 897 2124 iudicio,
913 2055 987 2128 quod
1003 2055 1073 2112 forte

103 2138 174 2193 circa
188 2135 257 2194 fines
272 2137 406 2196 malitiose
422 2138 522 2213 aliquid
537 2141 687 2211 commisit,
702 2138 776 2194 verbi
793 2140 879 2213 gratia
895 2140 957 2212 quie
972 2137 1072 2214 lapides

103 2218 197 2277 finales
212 2222 317 2278 iuratus
331 2231 374 2278 est
389 2231 437 2279 aut
446 2223 557 2280 arbores
568 2222 662 2280 finales
674 2222 780 2280 cecidit.
806 2224 990 2280 contumaciae
1006 2240 1074 2296 quo·

104 2321 214 2379 quoquc
229 2307 339 2363 nomine
353 2308 470 2381 quisque
485 2324 518 2365 eo
533 2307 632 2364 iudicio
648 2307 859 2379 condemnatur,
874 2307 959 2364 veluti
973 2309 997 2362 si
1013 2309 1073 2380 quis

102 2387 214 2446 iubente
234 2390 323 2448 iudice
349 2392 439 2448 metiri
465 2408 546 2466 agros
566 2409 662 2466 passus
683 2408 739 2448 non
759 2391 850 2448 fuerit.
890 2390 968 2459 Quod
982 2399 1072 2448 antem
1091 2398 1105 2446 7

103 2475 163 2530 istis
178 2474 284 2531 indiciis
300 2474 377 2532 alicui
398 2475 578 2532 adiudicatum
592 2478 644 2548 sit,
666 2476 693 2532 id
713 2478 804 2533 statim
825 2477 883 2532 eius
899 2474 1010 2548 iitscui
1030 2475 1075 2532 ad·

102 2557 252 2615 indicatum
267 2568 318 2616 est.

510 2755 568 2796 m.
585 2753 673 2797 xum

380 2857 430 2910 Du
450 2855 620 2910 PUBLIOIS
638 2857 798 2913 IUDICIIS.

168 2978 277 3036 Publice
291 2979 387 3036 iudicia
402 2997 491 3054 neque
511 2997 561 3054 per
574 2982 695 3037 actiones
717 2981 878 3037 ordinentur
897 2997 947 3038 nec
963 2982 1072 3037 omuino
1091 3003 1128 3044 er.
1225 2991 1226 3048 j

105 3063 252 3136 quidquam
267 3064 354 3120 simile
374 3063 474 3120 habent
494 3066 591 3122 ceteris
613 3065 735 3137 iudiciis,
761 3065 794 3121 de
815 3065 912 3139 quibus
933 3065 1017 3121 locuti
1032 3082 1077 3120 su·
1225 3091 1226 3148 ἦ

105 3163 181 3218 mus,
203 3164 355 3222 magnaque
377 3148 517 3205 diversitas
539 3157 581 3206 est
601 3165 695 3205 eorum
718 3157 745 3205 et
764 3151 792 3205 in
812 3149 986 3206 instituendis
1007 3158 1034 3204 et
1049 3150 1076 3204 iu
1224 3151 1226 3203 i

105 3231 271 3288 exercendis.
302 3230 410 3289 Publica
425 3241 514 3289 antem
536 3232 700 3305 dictasunt,
722 3233 796 3307 qnod
818 3235 900 3290 cnivis
922 3249 954 3288 es
974 3233 1110 3306 popu101
1224 3239 1225 3242 ’

105 3316 243 3372 exsecutio
270 3331 364 3373 eorum
390 3316 551 3392 plerumque
577 3317 664 3376 datur.
710 3317 883 3373 Publiccrum
916 3312 1111 3384 iudiciorum
1222 3317 1225 3457 *p

116 3429 309 3441 ——.-.—.-—.

176 3497 195 3561 ι)
215 3499 239 3560 5,
257 3500 298 3552 20.
317 3498 341 3552 1.
359 3500 391 3548 de
410 3506 460 3550 aes.
482 3495 518 3562 (4,
537 3498 572 3563 6)·
1221 3517 1224 3628 1

1215 3629 1224 3681 'i
