2486 3916
462 203 631 244 enarrarre.
1009 193 1035 246 V

72 331 168 406 possit,
183 336 311 403 tanquam
332 332 385 387 rari
406 329 561 387 soloecismi
581 332 609 388 iu
630 329 733 390 deliciis
754 331 904 388 habeantur
923 339 951 389 et
970 333 1034 390 reli·

72 417 146 491 giose
161 423 314 470 serventur.

130 499 253 555 Alterum
270 506 329 571 est,
350 499 424 574 quod
444 498 581 556 veteribus
603 499 678 556 libris
694 503 805 557 omniuo
821 502 956 574 etiamque
970 517 1032 557 cnm

71 582 219 658 'lheophilo
235 585 387 640 commissis
407 584 469 658 plus
491 601 570 658 qnam
586 599 635 658 par
650 592 693 640 est
707 586 876 640 auctoritatis
892 584 1031 642 tribuitur.

69 668 254 742 Antiquissimi
275 684 385 741 eorum,
406 670 429 724 si
450 668 534 724 eriles
549 668 713 724 Veronensis
734 669 862 742 reliquias
884 671 1033 746 exceperis,

69 753 158 810 seculo
174 769 249 808 nouo
265 755 367 808 exarati
383 761 456 809 sunt.
502 754 536 808 ht
551 769 616 808 vero
629 770 689 809 cum
706 755 756 810 tria
771 753 818 808 illa
832 761 896 827 post
910 753 1035 810 lustinia·

68 855 129 894 unm
144 835 263 892 labentia
273 837 365 894 secula
376 839 487 912 proprie
501 839 556 892 siut
567 839 722 911 ingruentis
734 836 866 894 barbariei
879 838 1035 894 exolescen·
1106 856 1111 873 ·

68 924 157 996 tisque
173 922 301 994 antiquae
317 922 456 978 doctrinae
471 921 637 996 linguaeque
649 923 760 996 rigoris,
778 922 830 978 iam
846 937 876 978 ea
892 922 925 978 ad
939 922 1034 996 depra-

67 1005 148 1064 vanda
163 1007 348 1079 antiquiorum
363 1005 513 1062 litterarum
535 1015 710 1063 monumenta
731 1004 858 1062 sulficere
873 1015 1034 1080 potnerunt,

68 1091 139 1166 quod
155 1091 237 1146 etiam
252 1089 345 1145 multis
358 1090 468 1146 aliarum
480 1091 682 1164 disciplinarum
694 1090 768 1147 libris
780 1089 968 1163 confirmatur,
984 1109 1034 1148 nec

67 1173 193 1232 credibile
218 1182 277 1246 est,
303 1173 506 1231 Institutionum
533 1177 579 1249 qui
604 1183 664 1232 turn
689 1175 808 1232 coniecti
832 1183 897 1232 snut
913 1175 1030 1248 codices,

65 1261 154 1316 miuus
170 1258 238 1314 lehis
258 1275 291 1314 ex
312 1258 365 1316 illis
388 1258 505 1316 tenebris
522 1261 703 1331 contraxisse,
726 1277 806 1334 quam
828 1268 983 1317 ceterorum
999 1261 1031 1316 ad

64 1345 106 1400 ius
129 1345 309 1418 spectantium
329 1343 476 1415 librorum,
492 1345 567 1400 velut
583 1344 656 1414 Gaii,
677 1343 781 1416 Paulli,
801 1343 923 1418 Ulpiani,
946 1343 1033 1401 Colla·

65 1429 150 1484 tionis
164 1429 339 1501 ipsorumque
360 1427 535 1502 Digestorum
556 1427 665 1484 codices
686 1429 729 1484 vel
752 1443 867 1484 coaevos
888 1429 931 1485 vel
952 1431 1033 1484 ctiam
1129 1455 1133 1461 ·

64 1513 242 1586 antiquiores.
289 1511 358 1580 Quid
374 1511 448 1586 quod
463 1513 502 1568 illi
522 1513 575 1586 ipsi
590 1511 797 1568 institutionum
817 1511 925 1568 codices
941 1512 1034 1568 multis

64 1597 133 1654 locis
148 1597 248 1671 apertis
264 1597 335 1652 vitiis
351 1591 507 1669 scatent,*)
532 1613 601 1670 quae
617 1613 678 1653 oum
694 1613 751 1653 uon
765 1604 882 1670 negant,
904 1597 951 1670 qni
966 1596 1033 1654 alio·

64 1683 110 1756 qni
136 1683 205 1737 tanti
231 1698 278 1737 eos
305 1681 423 1752 iaciunt,
450 1681 560 1738 eosdem
576 1682 656 1738 etiam
677 1679 802 1738 conliteri
817 1688 943 1755 oportet,
964 1681 1032 1738 alios

63 1783 174 1841 qnoque
200 1766 277 1822 locos
302 1767 330 1821 in
351 1767 513 1840 suspicionis
529 1768 747 1823 communionem
773 1766 843 1822 trahi
872 1772 901 1821 et
920 1767 943 1822 si
962 1767 1034 1822 iusta

66 1868 147 1907 causa
162 1852 215 1922 sit,
230 1852 429 1907 correctionem
443 1852 502 1906 iure
517 1851 615 1907 merito
631 1851 784 1908 admittere.

127 1934 173 1990 Sic
186 1935 322 1990 reiicimnr
335 1935 367 1992 ad
376 1935 567 2010 antiquiorem,
579 1943 609 1991 ut
620 1937 657 1991 ita
669 1935 766 2007 dicam,
779 1942 871 1990 textus
879 1935 1037 2006 historiam,

63 2019 154 2092 ibique
170 2019 315 2092 'lheophili
329 2021 418 2076 versio
434 2036 489 2076 uon
504 2027 597 2093 potest
617 2036 673 2076 nou
688 2021 716 2074 in
731 2019 848 2092 primum
862 2020 1035 2074 auctoritatis

63 2105 153 2160 locum
168 2103 256 2159 evehi.
280 2102 355 2160 Licet
370 2106 441 2160 enim
456 2105 514 2159 eius
535 2119 646 2177 quoqne
670 2102 732 2158 libri
747 2119 811 2158 mss.
827 2103 927 2174 passim
942 2103 1033 2158 vitiosi

62 2190 117 2244 siut
132 2187 249 2244 necdum
262 2204 302 2260 ea,
311 2205 380 2262 qnae
392 2189 451 2244 iure
464 2187 634 2244 desideratur
645 2187 795 2260 diligentia,
808 2185 934 2258 requisiti
946 2192 974 2240 et
989 2201 1035 2241 err·

61 2273 178 2346 plorati,
198 2280 289 2329 tamen
309 2274 461 2329 sententiae
482 2273 570 2328 alieno
586 2287 711 2328 sermone
733 2285 876 2344 expressae
893 2286 949 2326 non
965 2269 1030 2328 item

61 2366 92 2413 ut
107 2356 191 2413 verba
206 2373 221 2412 a
235 2355 351 2412 librariis
366 2364 517 2432 potnerunt
531 2355 678 2431 corrumpi.
693 2377 695 2382 ·
714 2355 814 2411 Verum
829 2361 920 2410 tamen
935 2359 967 2412 ut
982 2353 1029 2412 illa

60 2443 119 2516 ipsa
140 2442 288 2497 auctoritas
313 2449 388 2498 recte
409 2443 582 2513 aestimetur,
607 2443 635 2496 iu
660 2442 794 2498 rationem
814 2441 965 2495 accuratius
985 2440 1029 2496 iu·

61 2528 172 2600 quirere
188 2542 257 2600 opus
273 2532 331 2598 est,
352 2543 420 2600 quae
436 2525 617 2600 Theophilum
638 2527 752 2599 eiusque
766 2523 940 2597 paraphrasin
956 2524 1033 2580 iuter

61 2619 88 2667 et
105 2610 313 2666 Institutionum
328 2611 554 2684 compositionem
569 2609 724 2666 intercedit.

122 2694 251 2768 Plerique
267 2695 348 2752 hodie
362 2695 537 2770 paraphrasin
561 2695 715 2750 existimant
726 2693 865 2749 iustiniani
882 2692 1034 2748 iustitutio-

57 2797 125 2836 num
142 2779 350 2852 explicationem
366 2770 465 2850 inisse,
482 2795 561 2852 quam
573 2786 753 2856 posteaquam
769 2793 816 2854 eae
831 2779 858 2834 in
874 2776 1031 2833 Gaianarum

57 2865 153 2920 locum
176 2872 382 2936 successerant,
409 2880 456 2920 ore
481 2863 606 2919 tradente
628 2863 780 2936 'lheophilo
806 2861 914 2918 auditor
937 2861 1040 2934 aliquis*

55 3031 266 3040 -—.-.—-———

127 3147 154 3215 *)
175 3148 309 3213 Exemplo
328 3149 353 3198 si
371 3147 495 3212 quoeris,
522 3145 594 3196 dobo
613 3151 721 3196 tontum
754 3145 938 3210 eiusmodi,'
930 3161 959 3194 ru
978 3146 1037 3210 qui-

52 3217 107 3270 bus
128 3233 226 3267 omnes
245 3221 356 3267 veteres
376 3232 393 3266 a
410 3231 476 3267 vero
489 3215 661 3266 aberrasse'
653 3231 681 3264 ru
696 3215 824 3266 confesso
844 3219 896 3269 est.
921 3213 1028 3264 Evolve

53 3287 78 3336 ei
107 3282 210 3352 prlecet
237 3285 279 3334 ed.
306 3283 555 3349 Kruegerieneel,
574 3284 603 3344 8,
623 3286 646 3336 2.
667 3285 712 3344 10,
732 3286 755 3334 5.
776 3283 817 3332 13.
837 3285 876 3344 13,
897 3284 920 3332 3.
935 3283 982 3344 22,
1000 3283 1036 3332 6.

52 3303 1033 3418 2332651114142329315396111616

50 3386 1035 3484 e195208171111144prufin11t5.’15‚r.,1v

54 3491 129 3552 13
151 3488 656 3552 4416,19259,pr10‚pr
678 3483 871 3547 12,1.186
