<?xml version="1.0" encoding="UTF-8"?>
<!DOCTYPE html PUBLIC "-//W3C//DTD XHTML 1.0 Transitional//EN"
    "http://www.w3.org/TR/xhtml1/DTD/xhtml1-transitional.dtd">
<html xmlns="http://www.w3.org/1999/xhtml" xml:lang="en" lang="en">
 <head>
  <title>
</title>
<meta http-equiv="Content-Type" content="text/html;charset=utf-8" />
  <meta name='ocr-system' content='tesseract 3.04.00' />
  <meta name='ocr-capabilities' content='ocr_page ocr_carea ocr_par ocr_line ocrx_word'/>
</head>
<body>
  <div class='ocr_page' id='page_1' title='image "./impivstinianiin00huscgoog_0314.png"; bbox 0 0 2464 3916; ppageno 0'>
   <div class='ocr_carea' id='block_1_1' title="bbox 276 179 1030 262">
    <p class='ocr_par' dir='ltr' id='par_1_1' title="bbox 276 179 1030 262">
     <span class='ocr_line' id='line_1_1' title="bbox 276 179 1030 262; baseline 0.012 -35"><span class='ocrx_word' id='word_1_1' title='bbox 276 251 280 262; x_wconf 13' lang='grc' dir='ltr'><strong><em>Χ</em></strong></span> <span class='ocrx_word' id='word_1_2' title='bbox 321 193 356 228; x_wconf 82' lang='lat' dir='ltr'><strong>nn</strong></span> <span class='ocrx_word' id='word_1_3' title='bbox 377 193 633 229; x_wconf 75' lang='lat' dir='ltr'><strong>samsnemonrnus</strong></span> <span class='ocrx_word' id='word_1_4' title='bbox 652 179 700 242; x_wconf 87' lang='lat' dir='ltr'><strong>IV,</strong></span> <span class='ocrx_word' id='word_1_5' title='bbox 721 181 761 230; x_wconf 90' lang='grc'><strong>11.</strong></span> <span class='ocrx_word' id='word_1_6' title='bbox 971 179 1030 243; x_wconf 74' lang='lat'><strong>187</strong></span> 
     </span>
    </p>
   </div>
   <div class='ocr_carea' id='block_1_2' title="bbox 28 327 1064 3106">
    <p class='ocr_par' dir='ltr' id='par_1_2' title="bbox 28 327 1064 3106">
     <span class='ocr_line' id='line_1_2' title="bbox 53 327 1031 410; baseline 0.003 -20"><span class='ocrx_word' id='word_1_7' title='bbox 53 352 106 409; x_wconf 87' lang='lat' dir='ltr'><strong>pro</strong></span> <span class='ocrx_word' id='word_1_8' title='bbox 122 351 171 390; x_wconf 90' lang='lat' dir='ltr'><strong>sua</strong></span> <span class='ocrx_word' id='word_1_9' title='bbox 188 341 291 390; x_wconf 84' lang='lat' dir='ltr'><strong>tantum</strong></span> <span class='ocrx_word' id='word_1_10' title='bbox 317 351 449 408; x_wconf 90' lang='lat' dir='ltr'><strong>persona,</strong></span> <span class='ocrx_word' id='word_1_11' title='bbox 477 333 551 408; x_wconf 91' lang='lat' dir='ltr'><strong>quod</strong></span> <span class='ocrx_word' id='word_1_12' title='bbox 577 335 604 390; x_wconf 90' lang='lat' dir='ltr'><strong>in</strong></span> <span class='ocrx_word' id='word_1_13' title='bbox 630 327 749 390; x_wconf 89' lang='lat' dir='ltr'><strong>iudicio¹</strong></span> <span class='ocrx_word' id='word_1_14' title='bbox 773 343 929 410; x_wconf 87' lang='lat' dir='ltr'><strong>permaneat</strong></span> <span class='ocrx_word' id='word_1_15' title='bbox 945 353 1031 410; x_wconf 90' lang='lat' dir='ltr'><strong>usque</strong></span> 
     </span>
     <span class='ocr_line' id='line_1_3' title="bbox 52 419 1032 492; baseline 0.003 -18"><span class='ocrx_word' id='word_1_16' title='bbox 52 420 87 474; x_wconf 89' lang='lat' dir='ltr'><strong>ad</strong></span> <span class='ocrx_word' id='word_1_17' title='bbox 103 421 250 475; x_wconf 89' lang='lat' dir='ltr'><strong>terminum</strong></span> <span class='ocrx_word' id='word_1_18' title='bbox 264 419 336 490; x_wconf 89' lang='lat' dir='ltr'><strong>litis,</strong></span> <span class='ocrx_word' id='word_1_19' title='bbox 352 419 395 474; x_wconf 89' lang='lat' dir='ltr'><strong>vel</strong></span> <span class='ocrx_word' id='word_1_20' title='bbox 419 419 599 474; x_wconf 89' lang='lat' dir='ltr'><strong>committitur</strong></span> <span class='ocrx_word' id='word_1_21' title='bbox 613 435 678 474; x_wconf 91' lang='lat' dir='ltr'><strong>suae</strong></span> <span class='ocrx_word' id='word_1_22' title='bbox 693 421 867 492; x_wconf 86' lang='lat' dir='ltr'><strong>promissioni</strong></span> <span class='ocrx_word' id='word_1_23' title='bbox 883 438 944 477; x_wconf 84' lang='lat' dir='ltr'><strong>cuin</strong></span> <span class='ocrx_word' id='word_1_24' title='bbox 960 421 1032 478; x_wconf 89' lang='lat' dir='ltr'><strong>iure·</strong></span> 
     </span>
     <span class='ocr_line' id='line_1_4' title="bbox 53 503 1031 578; baseline 0.003 -20"><span class='ocrx_word' id='word_1_25' title='bbox 53 503 187 574; x_wconf 87' lang='lat' dir='ltr'><strong>iurando,</strong></span> <span class='ocrx_word' id='word_1_26' title='bbox 210 519 289 577; x_wconf 90' lang='lat' dir='ltr'><strong>quam</strong></span> <span class='ocrx_word' id='word_1_27' title='bbox 304 504 462 558; x_wconf 88' lang='lat' dir='ltr'><strong>iuratoriam</strong></span> <span class='ocrx_word' id='word_1_28' title='bbox 478 505 632 559; x_wconf 82' lang='lat' dir='ltr'><strong>cautionem</strong></span> <span class='ocrx_word' id='word_1_29' title='bbox 647 509 761 576; x_wconf 90' lang='lat' dir='ltr'><strong>vocant,</strong></span> <span class='ocrx_word' id='word_1_30' title='bbox 782 505 826 560; x_wconf 90' lang='lat' dir='ltr'><strong>vel</strong></span> <span class='ocrx_word' id='word_1_31' title='bbox 847 505 946 561; x_wconf 90' lang='lat' dir='ltr'><strong>nudam</strong></span> <span class='ocrx_word' id='word_1_32' title='bbox 966 522 1031 578; x_wconf 92' lang='lat' dir='ltr'><strong>pro-</strong></span> 
     </span>
     <span class='ocr_line' id='line_1_5' title="bbox 54 587 1030 662; baseline 0.004 -20"><span class='ocrx_word' id='word_1_33' title='bbox 54 589 213 644; x_wconf 85' lang='lat' dir='ltr'><strong>missionem</strong></span> <span class='ocrx_word' id='word_1_34' title='bbox 227 588 270 643; x_wconf 86' lang='lat' dir='ltr'><strong>vel</strong></span> <span class='ocrx_word' id='word_1_35' title='bbox 286 587 491 644; x_wconf 73' lang='lat' dir='ltr'><strong>satisdationem</strong></span> <span class='ocrx_word' id='word_1_36' title='bbox 514 605 565 662; x_wconf 92' lang='lat' dir='ltr'><strong>pro</strong></span> <span class='ocrx_word' id='word_1_37' title='bbox 587 587 715 660; x_wconf 85' lang='lat' dir='ltr'><strong>qualitate</strong></span> <span class='ocrx_word' id='word_1_38' title='bbox 736 605 869 660; x_wconf 88' lang='lat' dir='ltr'><strong>personae</strong></span> <span class='ocrx_word' id='word_1_39' title='bbox 885 607 950 646; x_wconf 88' lang='lat' dir='ltr'><strong>suae</strong></span> <span class='ocrx_word' id='word_1_40' title='bbox 966 589 1030 646; x_wconf 91' lang='lat' dir='ltr'><strong>dare</strong></span> 
     </span>
     <span class='ocr_line' id='line_1_6' title="bbox 53 671 1064 746; baseline 0.003 -19"><span class='ocrx_word' id='word_1_41' title='bbox 53 671 237 746; x_wconf 80' lang='lat' dir='ltr'><strong>compellitur.</strong></span> <span class='ocrx_word' id='word_1_42' title='bbox 275 673 323 728; x_wconf 87' lang='lat' dir='ltr'><strong>Sin</strong></span> <span class='ocrx_word' id='word_1_43' title='bbox 337 679 427 728; x_wconf 90' lang='lat' dir='ltr'><strong>autem</strong></span> <span class='ocrx_word' id='word_1_44' title='bbox 448 689 499 745; x_wconf 90' lang='lat' dir='ltr'><strong>per</strong></span> <span class='ocrx_word' id='word_1_45' title='bbox 513 679 718 746; x_wconf 88' lang='lat' dir='ltr'><strong>procuratorem</strong></span> <span class='ocrx_word' id='word_1_46' title='bbox 739 672 771 727; x_wconf 88' lang='lat' dir='ltr'><strong>lis</strong></span> <span class='ocrx_word' id='word_1_47' title='bbox 793 672 835 728; x_wconf 90' lang='lat' dir='ltr'><strong>vel</strong></span> <span class='ocrx_word' id='word_1_48' title='bbox 854 673 974 730; x_wconf 81' lang='lat' dir='ltr'><strong>infertur</strong></span> <span class='ocrx_word' id='word_1_49' title='bbox 989 675 1064 732; x_wconf 86' lang='lat' dir='ltr'><strong>vcl3</strong></span> 
     </span>
     <span class='ocr_line' id='line_1_7' title="bbox 55 756 1030 834; baseline 0.001 -22"><span class='ocrx_word' id='word_1_50' title='bbox 55 757 220 830; x_wconf 90' lang='lat' dir='ltr'><strong>suscipitur,</strong></span> <span class='ocrx_word' id='word_1_51' title='bbox 237 759 264 812; x_wconf 94' lang='lat' dir='ltr'><strong>in</strong></span> <span class='ocrx_word' id='word_1_52' title='bbox 280 758 384 812; x_wconf 87' lang='lat' dir='ltr'><strong>actoris·</strong></span> <span class='ocrx_word' id='word_1_53' title='bbox 395 756 502 830; x_wconf 87' lang='lat' dir='ltr'><strong>quidem</strong></span> <span class='ocrx_word' id='word_1_54' title='bbox 517 773 651 830; x_wconf 91' lang='lat' dir='ltr'><strong>persona,</strong></span> <span class='ocrx_word' id='word_1_55' title='bbox 672 757 696 812; x_wconf 92' lang='lat' dir='ltr'><strong>si</strong></span> <span class='ocrx_word' id='word_1_56' title='bbox 711 773 766 812; x_wconf 84' lang='lat' dir='ltr'><strong>troo</strong></span> <span class='ocrx_word' id='word_1_57' title='bbox 787 756 942 812; x_wconf 91' lang='lat' dir='ltr'><strong>mandatum</strong></span> <span class='ocrx_word' id='word_1_58' title='bbox 963 760 1030 834; x_wconf 89' lang='lat' dir='ltr'><strong>actis</strong></span> 
     </span>
     <span class='ocr_line' id='line_1_8' title="bbox 51 839 1030 915; baseline 0.003 -20"><span class='ocrx_word' id='word_1_59' title='bbox 51 841 221 896; x_wconf 87' lang='lat' dir='ltr'><strong>insinuatum</strong></span> <span class='ocrx_word' id='word_1_60' title='bbox 237 849 279 897; x_wconf 91' lang='lat' dir='ltr'><strong>est</strong></span> <span class='ocrx_word' id='word_1_61' title='bbox 294 841 336 896; x_wconf 91' lang='lat' dir='ltr'><strong>vel</strong></span> <span class='ocrx_word' id='word_1_62' title='bbox 352 857 478 914; x_wconf 89' lang='lat' dir='ltr'><strong>praesens</strong></span> <span class='ocrx_word' id='word_1_63' title='bbox 505 839 630 896; x_wconf 86' lang='lat' dir='ltr'><strong>dominus</strong></span> <span class='ocrx_word' id='word_1_64' title='bbox 658 840 714 896; x_wconf 93' lang='lat' dir='ltr'><strong>litis</strong></span> <span class='ocrx_word' id='word_1_65' title='bbox 740 843 768 896; x_wconf 89' lang='lat' dir='ltr'><strong>in</strong></span> <span class='ocrx_word' id='word_1_66' title='bbox 788 841 886 897; x_wconf 90' lang='lat' dir='ltr'><strong>iudicio</strong></span> <span class='ocrx_word' id='word_1_67' title='bbox 902 858 1030 915; x_wconf 88' lang='lat' dir='ltr'><strong>procura·</strong></span> 
     </span>
     <span class='ocr_line' id='line_1_9' title="bbox 53 922 1031 998; baseline 0.004 -20"><span class='ocrx_word' id='word_1_68' title='bbox 53 925 122 980; x_wconf 87' lang='lat' dir='ltr'><strong>toris</strong></span> <span class='ocrx_word' id='word_1_69' title='bbox 149 927 192 980; x_wconf 93' lang='lat' dir='ltr'><strong>sui</strong></span> <span class='ocrx_word' id='word_1_70' title='bbox 206 941 349 998; x_wconf 89' lang='lat' dir='ltr'><strong>personam</strong></span> <span class='ocrx_word' id='word_1_71' title='bbox 371 922 584 996; x_wconf 85' lang='lat' dir='ltr'><strong>confirmaverit,</strong></span> <span class='ocrx_word' id='word_1_72' title='bbox 610 931 695 980; x_wconf 88' lang='lat' dir='ltr'><strong>ratam</strong></span> <span class='ocrx_word' id='word_1_73' title='bbox 720 942 777 982; x_wconf 88' lang='lat' dir='ltr'><strong>rem</strong></span> <span class='ocrx_word' id='word_1_74' title='bbox 803 926 942 982; x_wconf 89' lang='lat' dir='ltr'><strong>dominum</strong></span> <span class='ocrx_word' id='word_1_75' title='bbox 958 925 1031 982; x_wconf 88' lang='lat' dir='ltr'><strong>habi·</strong></span> 
     </span>
     <span class='ocr_line' id='line_1_10' title="bbox 53 1009 1031 1084; baseline 0.003 -22"><span class='ocrx_word' id='word_1_76' title='bbox 53 1017 148 1064; x_wconf 87' lang='lat' dir='ltr'><strong>turum</strong></span> <span class='ocrx_word' id='word_1_77' title='bbox 164 1009 367 1066; x_wconf 88' lang='lat' dir='ltr'><strong>satisdationem</strong></span> <span class='ocrx_word' id='word_1_78' title='bbox 375 1017 538 1083; x_wconf 90' lang='lat' dir='ltr'><strong>procurator</strong></span> <span class='ocrx_word' id='word_1_79' title='bbox 551 1009 614 1065; x_wconf 89' lang='lat' dir='ltr'><strong>dare</strong></span> <span class='ocrx_word' id='word_1_80' title='bbox 627 1010 809 1084; x_wconf 84' lang='lat' dir='ltr'><strong>compellitur,</strong></span> <span class='ocrx_word' id='word_1_81' title='bbox 826 1011 922 1066; x_wconf 89' lang='lat' dir='ltr'><strong>eodem</strong></span> <span class='ocrx_word' id='word_1_82' title='bbox 938 1009 1031 1067; x_wconf 90' lang='lat' dir='ltr'><strong>ohser-</strong></span> 
     </span>
     <span class='ocr_line' id='line_1_11' title="bbox 54 1093 1030 1168; baseline 0.003 -21"><span class='ocrx_word' id='word_1_83' title='bbox 54 1093 142 1148; x_wconf 89' lang='lat' dir='ltr'><strong>vando</strong></span> <span class='ocrx_word' id='word_1_84' title='bbox 165 1102 192 1149; x_wconf 92' lang='lat' dir='ltr'><strong>et</strong></span> <span class='ocrx_word' id='word_1_85' title='bbox 214 1095 236 1150; x_wconf 93' lang='lat' dir='ltr'><strong>si</strong></span> <span class='ocrx_word' id='word_1_86' title='bbox 258 1102 333 1150; x_wconf 86' lang='lat' dir='ltr'><strong>tutor</strong></span> <span class='ocrx_word' id='word_1_87' title='bbox 353 1094 396 1150; x_wconf 80' lang='lat' dir='ltr'><strong>vel</strong></span> <span class='ocrx_word' id='word_1_88' title='bbox 417 1101 528 1150; x_wconf 89' lang='lat' dir='ltr'><strong>curator</strong></span> <span class='ocrx_word' id='word_1_89' title='bbox 548 1094 592 1150; x_wconf 89' lang='lat' dir='ltr'><strong>vel</strong></span> <span class='ocrx_word' id='word_1_90' title='bbox 611 1093 680 1150; x_wconf 87' lang='lat' dir='ltr'><strong>aliae</strong></span> <span class='ocrx_word' id='word_1_91' title='bbox 700 1094 767 1150; x_wconf 90' lang='lat' dir='ltr'><strong>tales</strong></span> <span class='ocrx_word' id='word_1_92' title='bbox 788 1111 938 1168; x_wconf 89' lang='lat' dir='ltr'><strong>personae,</strong></span> <span class='ocrx_word' id='word_1_93' title='bbox 961 1111 1030 1168; x_wconf 89' lang='lat' dir='ltr'><strong>quae</strong></span> 
     </span>
     <span class='ocr_line' id='line_1_12' title="bbox 53 1177 1030 1252; baseline 0.003 -21"><span class='ocrx_word' id='word_1_94' title='bbox 53 1177 201 1233; x_wconf 89' lang='lat' dir='ltr'><strong>alienarum</strong></span> <span class='ocrx_word' id='word_1_95' title='bbox 217 1195 307 1234; x_wconf 91' lang='lat' dir='ltr'><strong>rerum</strong></span> <span class='ocrx_word' id='word_1_96' title='bbox 329 1177 554 1252; x_wconf 77' lang='lat' dir='ltr'><strong>gubernationem</strong></span> <span class='ocrx_word' id='word_1_97' title='bbox 576 1186 753 1252; x_wconf 89' lang='lat' dir='ltr'><strong>receperunt,</strong></span> <span class='ocrx_word' id='word_1_98' title='bbox 773 1179 849 1234; x_wconf 89' lang='lat' dir='ltr'><strong>litem</strong></span> <span class='ocrx_word' id='word_1_99' title='bbox 871 1179 1030 1252; x_wconf 89' lang='lat' dir='ltr'><strong>quibusdam</strong></span> 
     </span>
     <span class='ocr_line' id='line_1_13' title="bbox 54 1261 1064 1337; baseline 0.004 -21"><span class='ocrx_word' id='word_1_100' title='bbox 54 1278 105 1334; x_wconf 91' lang='lat' dir='ltr'><strong>per</strong></span> <span class='ocrx_word' id='word_1_101' title='bbox 120 1261 200 1316; x_wconf 90' lang='lat' dir='ltr'><strong>alium</strong></span> <span class='ocrx_word' id='word_1_102' title='bbox 216 1263 346 1318; x_wconf 89' lang='lat' dir='ltr'><strong>inierunt.</strong></span> <span class='ocrx_word' id='word_1_103' title='bbox 385 1261 433 1318; x_wconf 90' lang='lat' dir='ltr'><strong>Sin</strong></span> <span class='ocrx_word' id='word_1_104' title='bbox 459 1279 523 1318; x_wconf 90' lang='lat' dir='ltr'><strong>vero</strong></span> <span class='ocrx_word' id='word_1_105' title='bbox 548 1262 646 1336; x_wconf 89' lang='lat' dir='ltr'><strong>aliquis</strong></span> <span class='ocrx_word' id='word_1_106' title='bbox 672 1265 850 1335; x_wconf 82' lang='lat' dir='ltr'><strong>convenitur,</strong></span> <span class='ocrx_word' id='word_1_107' title='bbox 872 1265 896 1319; x_wconf 92' lang='lat' dir='ltr'><strong>si</strong></span> <span class='ocrx_word' id='word_1_108' title='bbox 921 1263 1064 1337; x_wconf 70' lang='lat' dir='ltr'><strong>quideme</strong></span> 
     </span>
     <span class='ocr_line' id='line_1_14' title="bbox 54 1347 1029 1421; baseline 0.003 -22"><span class='ocrx_word' id='word_1_109' title='bbox 54 1362 185 1418; x_wconf 91' lang='lat' dir='ltr'><strong>praesens</strong></span> <span class='ocrx_word' id='word_1_110' title='bbox 209 1355 415 1420; x_wconf 89' lang='lat' dir='ltr'><strong>procuratorem</strong></span> <span class='ocrx_word' id='word_1_111' title='bbox 439 1347 503 1402; x_wconf 89' lang='lat' dir='ltr'><strong>darc</strong></span> <span class='ocrx_word' id='word_1_112' title='bbox 528 1354 637 1420; x_wconf 89' lang='lat' dir='ltr'><strong>paratus</strong></span> <span class='ocrx_word' id='word_1_113' title='bbox 664 1355 724 1418; x_wconf 90' lang='lat' dir='ltr'><strong>cst,</strong></span> <span class='ocrx_word' id='word_1_114' title='bbox 752 1354 845 1421; x_wconf 90' lang='lat' dir='ltr'><strong>potest</strong></span> <span class='ocrx_word' id='word_1_115' title='bbox 870 1348 913 1404; x_wconf 88' lang='lat' dir='ltr'><strong>vel</strong></span> <span class='ocrx_word' id='word_1_116' title='bbox 928 1350 987 1421; x_wconf 92' lang='lat' dir='ltr'><strong>ipse</strong></span> <span class='ocrx_word' id='word_1_117' title='bbox 1002 1350 1029 1403; x_wconf 91' lang='lat' dir='ltr'><strong>in</strong></span> 
     </span>
     <span class='ocr_line' id='line_1_15' title="bbox 53 1429 1029 1505; baseline 0.002 -21"><span class='ocrx_word' id='word_1_118' title='bbox 53 1429 184 1486; x_wconf 91' lang='lat' dir='ltr'><strong>iudicium</strong></span> <span class='ocrx_word' id='word_1_119' title='bbox 208 1433 298 1504; x_wconf 88' lang='lat' dir='ltr'><strong>venire</strong></span> <span class='ocrx_word' id='word_1_120' title='bbox 324 1439 352 1487; x_wconf 86' lang='lat' dir='ltr'><strong>et</strong></span> <span class='ocrx_word' id='word_1_121' title='bbox 379 1432 421 1486; x_wconf 92' lang='lat' dir='ltr'><strong>sui</strong></span> <span class='ocrx_word' id='word_1_122' title='bbox 442 1433 627 1505; x_wconf 89' lang='lat' dir='ltr'><strong>procuratoris</strong></span> <span class='ocrx_word' id='word_1_123' title='bbox 649 1448 794 1504; x_wconf 90' lang='lat' dir='ltr'><strong>personam</strong></span> <span class='ocrx_word' id='word_1_124' title='bbox 813 1449 863 1505; x_wconf 93' lang='lat' dir='ltr'><strong>per</strong></span> <span class='ocrx_word' id='word_1_125' title='bbox 883 1432 1029 1488; x_wconf 89' lang='lat' dir='ltr'><strong>iudicatum</strong></span> 
     </span>
     <span class='ocr_line' id='line_1_16' title="bbox 55 1514 1029 1588; baseline 0.002 -20"><span class='ocrx_word' id='word_1_126' title='bbox 55 1514 125 1570; x_wconf 89' lang='lat' dir='ltr'><strong>solvi</strong></span> <span class='ocrx_word' id='word_1_127' title='bbox 140 1515 322 1572; x_wconf 91' lang='lat' dir='ltr'><strong>satisdationis</strong></span> <span class='ocrx_word' id='word_1_128' title='bbox 338 1515 484 1572; x_wconf 85' lang='lat' dir='ltr'><strong>sollemnes</strong></span> <span class='ocrx_word' id='word_1_129' title='bbox 500 1515 689 1588; x_wconf 86' lang='lat' dir='ltr'><strong>stipulationes</strong></span> <span class='ocrx_word' id='word_1_130' title='bbox 711 1514 818 1572; x_wconf 89' lang='lat' dir='ltr'><strong>firmare</strong></span> <span class='ocrx_word' id='word_1_131' title='bbox 841 1516 884 1573; x_wconf 87' lang='lat' dir='ltr'><strong>vel</strong></span> <span class='ocrx_word' id='word_1_132' title='bbox 899 1523 975 1572; x_wconf 79' lang='lat' dir='ltr'><strong>entra</strong></span> <span class='ocrx_word' id='word_1_133' title='bbox 990 1517 1029 1570; x_wconf 95' lang='lat' dir='ltr'><strong>iu-</strong></span> 
     </span>
     <span class='ocr_line' id='line_1_17' title="bbox 52 1597 1028 1674; baseline 0.004 -22"><span class='ocrx_word' id='word_1_134' title='bbox 52 1597 155 1654; x_wconf 90' lang='lat' dir='ltr'><strong>dicium</strong></span> <span class='ocrx_word' id='word_1_135' title='bbox 170 1599 373 1656; x_wconf 85' lang='lat' dir='ltr'><strong>satisdationem</strong></span> <span class='ocrx_word' id='word_1_136' title='bbox 388 1614 541 1674; x_wconf 81' lang='lat' dir='ltr'><strong>exponere,</strong></span> <span class='ocrx_word' id='word_1_137' title='bbox 557 1617 606 1672; x_wconf 87' lang='lat' dir='ltr'><strong>per</strong></span> <span class='ocrx_word' id='word_1_138' title='bbox 618 1617 697 1673; x_wconf 90' lang='lat' dir='ltr'><strong>quam</strong></span> <span class='ocrx_word' id='word_1_139' title='bbox 709 1601 768 1674; x_wconf 90' lang='lat' dir='ltr'><strong>ipsc</strong></span> <span class='ocrx_word' id='word_1_140' title='bbox 783 1602 826 1656; x_wconf 89' lang='lat' dir='ltr'><strong>sui</strong></span> <span class='ocrx_word' id='word_1_141' title='bbox 841 1601 1028 1674; x_wconf 89' lang='lat' dir='ltr'><strong>procuratoris</strong></span> 
     </span>
     <span class='ocr_line' id='line_1_18' title="bbox 55 1682 1029 1758; baseline 0.005 -23"><span class='ocrx_word' id='word_1_142' title='bbox 55 1682 200 1740; x_wconf 89' lang='lat' dir='ltr'><strong>tideinssor</strong></span> <span class='ocrx_word' id='word_1_143' title='bbox 216 1686 307 1740; x_wconf 83' lang='lat' dir='ltr'><strong>existit</strong></span> <span class='ocrx_word' id='word_1_144' title='bbox 321 1701 372 1758; x_wconf 93' lang='lat' dir='ltr'><strong>pro</strong></span> <span class='ocrx_word' id='word_1_145' title='bbox 386 1683 509 1740; x_wconf 90' lang='lat' dir='ltr'><strong>omnibns</strong></span> <span class='ocrx_word' id='word_1_146' title='bbox 519 1684 667 1740; x_wconf 89' lang='lat' dir='ltr'><strong>iudicatum</strong></span> <span class='ocrx_word' id='word_1_147' title='bbox 678 1684 747 1740; x_wconf 89' lang='lat' dir='ltr'><strong>solvi</strong></span> <span class='ocrx_word' id='word_1_148' title='bbox 759 1685 944 1742; x_wconf 88' lang='lat' dir='ltr'><strong>satisdationis</strong></span> <span class='ocrx_word' id='word_1_149' title='bbox 957 1684 1029 1740; x_wconf 91' lang='lat' dir='ltr'><strong>clau·</strong></span> 
     </span>
     <span class='ocr_line' id='line_1_19' title="bbox 54 1767 1029 1844; baseline 0.004 -22"><span class='ocrx_word' id='word_1_150' title='bbox 54 1767 132 1823; x_wconf 88' lang='lat' dir='ltr'><strong>sulis.</strong></span> <span class='ocrx_word' id='word_1_151' title='bbox 169 1767 214 1824; x_wconf 92' lang='lat' dir='ltr'><strong>ubi</strong></span> <span class='ocrx_word' id='word_1_152' title='bbox 230 1776 257 1824; x_wconf 92' lang='lat' dir='ltr'><strong>et</strong></span> <span class='ocrx_word' id='word_1_153' title='bbox 272 1768 306 1824; x_wconf 93' lang='lat' dir='ltr'><strong>de</strong></span> <span class='ocrx_word' id='word_1_154' title='bbox 321 1769 472 1843; x_wconf 83' lang='lat' dir='ltr'><strong>hypotheca</strong></span> <span class='ocrx_word' id='word_1_155' title='bbox 493 1785 603 1824; x_wconf 91' lang='lat' dir='ltr'><strong>suarum</strong></span> <span class='ocrx_word' id='word_1_156' title='bbox 624 1786 715 1825; x_wconf 88' lang='lat' dir='ltr'><strong>rerum</strong></span> <span class='ocrx_word' id='word_1_157' title='bbox 730 1771 875 1826; x_wconf 89' lang='lat' dir='ltr'><strong>convenire</strong></span> <span class='ocrx_word' id='word_1_158' title='bbox 891 1769 1029 1844; x_wconf 87' lang='lat' dir='ltr'><strong>compelli·</strong></span> 
     </span>
     <span class='ocr_line' id='line_1_20' title="bbox 55 1852 1029 1927; baseline 0.003 -21"><span class='ocrx_word' id='word_1_159' title='bbox 55 1858 118 1924; x_wconf 91' lang='lat' dir='ltr'><strong>tur,</strong></span> <span class='ocrx_word' id='word_1_160' title='bbox 138 1854 195 1908; x_wconf 90' lang='lat' dir='ltr'><strong>sive</strong></span> <span class='ocrx_word' id='word_1_161' title='bbox 214 1855 242 1908; x_wconf 92' lang='lat' dir='ltr'><strong>in</strong></span> <span class='ocrx_word' id='word_1_162' title='bbox 257 1852 356 1909; x_wconf 91' lang='lat' dir='ltr'><strong>iudicio</strong></span> <span class='ocrx_word' id='word_1_163' title='bbox 372 1855 527 1927; x_wconf 88' lang='lat' dir='ltr'><strong>promiserit</strong></span> <span class='ocrx_word' id='word_1_164' title='bbox 550 1855 606 1910; x_wconf 87' lang='lat' dir='ltr'><strong>sive</strong></span> <span class='ocrx_word' id='word_1_165' title='bbox 628 1861 704 1910; x_wconf 83' lang='lat' dir='ltr'><strong>extra</strong></span> <span class='ocrx_word' id='word_1_166' title='bbox 717 1855 845 1910; x_wconf 88' lang='lat' dir='ltr'><strong>iudicium</strong></span> <span class='ocrx_word' id='word_1_167' title='bbox 861 1856 976 1926; x_wconf 88' lang='lat' dir='ltr'><strong>caverit,</strong></span> <span class='ocrx_word' id='word_1_168' title='bbox 998 1860 1029 1909; x_wconf 92' lang='lat' dir='ltr'><strong>ut</strong></span> 
     </span>
     <span class='ocr_line' id='line_1_21' title="bbox 55 1937 1029 2012; baseline 0.001 -21"><span class='ocrx_word' id='word_1_169' title='bbox 55 1943 112 1992; x_wconf 88' lang='lat' dir='ltr'><strong>tam</strong></span> <span class='ocrx_word' id='word_1_170' title='bbox 126 1937 185 2011; x_wconf 91' lang='lat' dir='ltr'><strong>ipse</strong></span> <span class='ocrx_word' id='word_1_171' title='bbox 208 1954 287 2011; x_wconf 88' lang='lat' dir='ltr'><strong>quam</strong></span> <span class='ocrx_word' id='word_1_172' title='bbox 309 1937 423 1994; x_wconf 90' lang='lat' dir='ltr'><strong>heredes</strong></span> <span class='ocrx_word' id='word_1_173' title='bbox 445 1939 502 1994; x_wconf 88' lang='lat' dir='ltr'><strong>eius</strong></span> <span class='ocrx_word' id='word_1_174' title='bbox 526 1937 698 2010; x_wconf 83' lang='lat' dir='ltr'><strong>obligentur:</strong></span> <span class='ocrx_word' id='word_1_175' title='bbox 725 1939 774 1994; x_wconf 87' lang='lat' dir='ltr'><strong>alia</strong></span> <span class='ocrx_word' id='word_1_176' title='bbox 796 1941 909 2012; x_wconf 90' lang='lat' dir='ltr'><strong>insuper</strong></span> <span class='ocrx_word' id='word_1_177' title='bbox 924 1939 1029 1994; x_wconf 87' lang='lat' dir='ltr'><strong>cautela</strong></span> 
     </span>
     <span class='ocr_line' id='line_1_22' title="bbox 55 2021 1029 2096; baseline 0.001 -21"><span class='ocrx_word' id='word_1_178' title='bbox 55 2021 100 2076; x_wconf 92' lang='lat' dir='ltr'><strong>vel</strong></span> <span class='ocrx_word' id='word_1_179' title='bbox 114 2021 289 2078; x_wconf 83' lang='lat' dir='ltr'><strong>satisdatione</strong></span> <span class='ocrx_word' id='word_1_180' title='bbox 304 2030 416 2096; x_wconf 90' lang='lat' dir='ltr'><strong>propter</strong></span> <span class='ocrx_word' id='word_1_181' title='bbox 431 2037 575 2095; x_wconf 88' lang='lat' dir='ltr'><strong>personam</strong></span> <span class='ocrx_word' id='word_1_182' title='bbox 590 2023 675 2094; x_wconf 90' lang='lat' dir='ltr'><strong>ipsius</strong></span> <span class='ocrx_word' id='word_1_183' title='bbox 688 2022 856 2094; x_wconf 82' lang='lat' dir='ltr'><strong>exponenda,</strong></span> <span class='ocrx_word' id='word_1_184' title='bbox 872 2022 945 2094; x_wconf 91' lang='lat' dir='ltr'><strong>quod</strong></span> <span class='ocrx_word' id='word_1_185' title='bbox 962 2031 1029 2076; x_wconf 93' lang='lat' dir='ltr'><strong>tem-</strong></span> 
     </span>
     <span class='ocr_line' id='line_1_23' title="bbox 56 2105 1029 2178; baseline -0.002 -18"><span class='ocrx_word' id='word_1_186' title='bbox 56 2121 123 2178; x_wconf 91' lang='lat' dir='ltr'><strong>pore</strong></span> <span class='ocrx_word' id='word_1_187' title='bbox 145 2108 295 2162; x_wconf 86' lang='lat' dir='ltr'><strong>sententiae</strong></span> <span class='ocrx_word' id='word_1_188' title='bbox 316 2105 469 2162; x_wconf 90' lang='lat' dir='ltr'><strong>recitandae</strong></span> <span class='ocrx_word' id='word_1_189' title='bbox 495 2107 522 2160; x_wconf 90' lang='lat' dir='ltr'><strong>in</strong></span> <span class='ocrx_word' id='word_1_190' title='bbox 548 2105 647 2160; x_wconf 89' lang='lat' dir='ltr'><strong>iudicio</strong></span> <span class='ocrx_word' id='word_1_191' title='bbox 672 2106 841 2176; x_wconf 89' lang='lat' dir='ltr'><strong>invenietur,</strong></span> <span class='ocrx_word' id='word_1_192' title='bbox 867 2105 910 2160; x_wconf 92' lang='lat' dir='ltr'><strong>vel</strong></span> <span class='ocrx_word' id='word_1_193' title='bbox 934 2106 958 2159; x_wconf 92' lang='lat' dir='ltr'><strong>si</strong></span> <span class='ocrx_word' id='word_1_194' title='bbox 973 2121 1029 2160; x_wconf 90' lang='lat' dir='ltr'><strong>non</strong></span> 
     </span>
     <span class='ocr_line' id='line_1_24' title="bbox 56 2181 1029 2262; baseline 0 -20"><span class='ocrx_word' id='word_1_195' title='bbox 56 2191 170 2261; x_wconf 88' lang='lat' dir='ltr'><strong>venerit,</strong></span> <span class='ocrx_word' id='word_1_196' title='bbox 187 2191 275 2246; x_wconf 88' lang='lat' dir='ltr'><strong>omnia</strong></span> <span class='ocrx_word' id='word_1_197' title='bbox 290 2189 363 2246; x_wconf 89' lang='lat' dir='ltr'><strong>dabit</strong></span> <span class='ocrx_word' id='word_1_198' title='bbox 379 2187 531 2259; x_wconf 87' lang='lat' dir='ltr'><strong>fideiussor,</strong></span> <span class='ocrx_word' id='word_1_199' title='bbox 545 2205 613 2262; x_wconf 85' lang='lat' dir='ltr'><strong>quac</strong></span> <span class='ocrx_word' id='word_1_200' title='bbox 625 2181 870 2244; x_wconf 83' lang='lat' dir='ltr'><strong>condemnatione²</strong></span> <span class='ocrx_word' id='word_1_201' title='bbox 886 2189 1029 2244; x_wconf 88' lang='lat' dir='ltr'><strong>eontinen-</strong></span> 
     </span>
     <span class='ocr_line' id='line_1_25' title="bbox 55 2273 1063 2351; baseline 0.002 -23"><span class='ocrx_word' id='word_1_202' title='bbox 55 2279 118 2340; x_wconf 93' lang='lat' dir='ltr'><strong>tur,</strong></span> <span class='ocrx_word' id='word_1_203' title='bbox 134 2275 186 2330; x_wconf 91' lang='lat' dir='ltr'><strong>nisi</strong></span> <span class='ocrx_word' id='word_1_204' title='bbox 200 2273 282 2351; x_wconf 84' lang='lat' dir='ltr'><strong>fuerit</strong></span> <span class='ocrx_word' id='word_1_205' title='bbox 297 2281 482 2348; x_wconf 91' lang='lat' dir='ltr'><strong>provocatum.</strong></span> <span class='ocrx_word' id='word_1_206' title='bbox 528 2273 555 2328; x_wconf 89' lang='lat' dir='ltr'><strong>Si</strong></span> <span class='ocrx_word' id='word_1_207' title='bbox 572 2289 634 2329; x_wconf 91' lang='lat' dir='ltr'><strong>vero</strong></span> <span class='ocrx_word' id='word_1_208' title='bbox 650 2289 713 2328; x_wconf 92' lang='lat' dir='ltr'><strong>reus</strong></span> <span class='ocrx_word' id='word_1_209' title='bbox 729 2281 836 2346; x_wconf 89' lang='lat' dir='ltr'><strong>praesto</strong></span> <span class='ocrx_word' id='word_1_210' title='bbox 852 2289 885 2328; x_wconf 75' lang='lat' dir='ltr'><strong>ex</strong></span> <span class='ocrx_word' id='word_1_211' title='bbox 901 2289 1028 2346; x_wconf 91' lang='lat' dir='ltr'><strong>quacum·</strong></span> <span class='ocrx_word' id='word_1_212' title='bbox 1047 2282 1063 2330; x_wconf 82' lang='lat'>5</span> 
     </span>
     <span class='ocr_line' id='line_1_26' title="bbox 56 2355 1029 2431; baseline -0.002 -18"><span class='ocrx_word' id='word_1_213' title='bbox 56 2375 110 2431; x_wconf 89' lang='lat' dir='ltr'><strong>que</strong></span> <span class='ocrx_word' id='word_1_214' title='bbox 125 2375 205 2414; x_wconf 88' lang='lat' dir='ltr'><strong>eausa</strong></span> <span class='ocrx_word' id='word_1_215' title='bbox 225 2375 280 2414; x_wconf 92' lang='lat' dir='ltr'><strong>non</strong></span> <span class='ocrx_word' id='word_1_216' title='bbox 302 2359 385 2414; x_wconf 90' lang='lat' dir='ltr'><strong>luerit</strong></span> <span class='ocrx_word' id='word_1_217' title='bbox 406 2366 434 2414; x_wconf 89' lang='lat' dir='ltr'><strong>et</strong></span> <span class='ocrx_word' id='word_1_218' title='bbox 449 2357 516 2414; x_wconf 90' lang='lat' dir='ltr'><strong>alius</strong></span> <span class='ocrx_word' id='word_1_219' title='bbox 532 2357 597 2413; x_wconf 89' lang='lat' dir='ltr'><strong>velit</strong></span> <span class='ocrx_word' id='word_1_220' title='bbox 619 2357 806 2413; x_wconf 83' lang='lat' dir='ltr'><strong>defensionem</strong></span> <span class='ocrx_word' id='word_1_221' title='bbox 827 2357 933 2426; x_wconf 87' lang='lat' dir='ltr'><strong>subire,</strong></span> <span class='ocrx_word' id='word_1_222' title='bbox 955 2355 1029 2412; x_wconf 90' lang='lat' dir='ltr'><strong>nulla</strong></span> 
     </span>
     <span class='ocr_line' id='line_1_27' title="bbox 54 2441 1027 2516; baseline 0.001 -19"><span class='ocrx_word' id='word_1_223' title='bbox 54 2441 207 2498; x_wconf 80' lang='lat' dir='ltr'><strong>differentia</strong></span> <span class='ocrx_word' id='word_1_224' title='bbox 220 2444 292 2499; x_wconf 89' lang='lat' dir='ltr'><strong>inter</strong></span> <span class='ocrx_word' id='word_1_225' title='bbox 314 2444 434 2500; x_wconf 89' lang='lat' dir='ltr'><strong>actiones</strong></span> <span class='ocrx_word' id='word_1_226' title='bbox 455 2444 482 2498; x_wconf 91' lang='lat' dir='ltr'><strong>in</strong></span> <span class='ocrx_word' id='word_1_227' title='bbox 503 2459 560 2498; x_wconf 88' lang='lat' dir='ltr'><strong>rem</strong></span> <span class='ocrx_word' id='word_1_228' title='bbox 580 2441 623 2498; x_wconf 87' lang='lat' dir='ltr'><strong>vel</strong></span> <span class='ocrx_word' id='word_1_229' title='bbox 644 2441 800 2516; x_wconf 87' lang='lat' dir='ltr'><strong>personales</strong></span> <span class='ocrx_word' id='word_1_230' title='bbox 821 2441 1027 2512; x_wconf 89' lang='lat' dir='ltr'><strong>introducenda,</strong></span> 
     </span>
     <span class='ocr_line' id='line_1_28' title="bbox 55 2527 1029 2600; baseline -0.002 -18"><span class='ocrx_word' id='word_1_231' title='bbox 55 2536 149 2600; x_wconf 86' lang='lat' dir='ltr'><strong>potest</strong></span> <span class='ocrx_word' id='word_1_232' title='bbox 164 2528 216 2584; x_wconf 91' lang='lat' dir='ltr'><strong>hoc</strong></span> <span class='ocrx_word' id='word_1_233' title='bbox 231 2527 338 2599; x_wconf 88' lang='lat' dir='ltr'><strong>facere,</strong></span> <span class='ocrx_word' id='word_1_234' title='bbox 359 2529 396 2582; x_wconf 89' lang='lat' dir='ltr'><strong>ita</strong></span> <span class='ocrx_word' id='word_1_235' title='bbox 417 2536 506 2582; x_wconf 89' lang='lat' dir='ltr'><strong>tamen</strong></span> <span class='ocrx_word' id='word_1_236' title='bbox 521 2533 553 2582; x_wconf 89' lang='lat' dir='ltr'><strong>ut</strong></span> <span class='ocrx_word' id='word_1_237' title='bbox 567 2527 770 2582; x_wconf 89' lang='lat' dir='ltr'><strong>satisdationem</strong></span> <span class='ocrx_word' id='word_1_238' title='bbox 792 2527 938 2583; x_wconf 89' lang='lat' dir='ltr'><strong>iudicatum</strong></span> <span class='ocrx_word' id='word_1_239' title='bbox 959 2527 1029 2582; x_wconf 88' lang='lat' dir='ltr'><strong>solvi</strong></span> 
     </span>
     <span class='ocr_line' id='line_1_29' title="bbox 55 2611 1028 2684; baseline -0.001 -18"><span class='ocrx_word' id='word_1_240' title='bbox 55 2629 107 2684; x_wconf 93' lang='lat' dir='ltr'><strong>pro</strong></span> <span class='ocrx_word' id='word_1_241' title='bbox 123 2611 178 2668; x_wconf 93' lang='lat' dir='ltr'><strong>litis</strong></span> <span class='ocrx_word' id='word_1_242' title='bbox 193 2619 314 2684; x_wconf 88' lang='lat' dir='ltr'><strong>praestet</strong></span> <span class='ocrx_word' id='word_1_243' title='bbox 329 2613 524 2672; x_wconf 89' lang='lat' dir='ltr'><strong>aestimatione.</strong></span> <span class='ocrx_word' id='word_1_244' title='bbox 562 2628 642 2667; x_wconf 90' lang='lat' dir='ltr'><strong>nemo</strong></span> <span class='ocrx_word' id='word_1_245' title='bbox 658 2613 730 2668; x_wconf 91' lang='lat' dir='ltr'><strong>enim</strong></span> <span class='ocrx_word' id='word_1_246' title='bbox 745 2611 894 2667; x_wconf 90' lang='lat' dir='ltr'><strong>secundum</strong></span> <span class='ocrx_word' id='word_1_247' title='bbox 909 2619 1028 2666; x_wconf 90' lang='lat' dir='ltr'><strong>veterem</strong></span> 
     </span>
     <span class='ocr_line' id='line_1_30' title="bbox 54 2693 1028 2769; baseline 0 -20"><span class='ocrx_word' id='word_1_248' title='bbox 54 2695 194 2769; x_wconf 86' lang='lat' dir='ltr'><strong>regulam,</strong></span> <span class='ocrx_word' id='word_1_249' title='bbox 217 2707 248 2752; x_wconf 87' lang='lat' dir='ltr'><strong>ut</strong></span> <span class='ocrx_word' id='word_1_250' title='bbox 262 2697 313 2752; x_wconf 90' lang='lat' dir='ltr'><strong>iam</strong></span> <span class='ocrx_word' id='word_1_251' title='bbox 335 2695 437 2752; x_wconf 90' lang='lat' dir='ltr'><strong>dictum</strong></span> <span class='ocrx_word' id='word_1_252' title='bbox 461 2705 519 2766; x_wconf 91' lang='lat' dir='ltr'><strong>est,</strong></span> <span class='ocrx_word' id='word_1_253' title='bbox 541 2695 641 2750; x_wconf 90' lang='lat' dir='ltr'><strong>alienae</strong></span> <span class='ocrx_word' id='word_1_254' title='bbox 662 2696 702 2755; x_wconf 88' lang='lat' dir='ltr'><strong>rei</strong></span> <span class='ocrx_word' id='word_1_255' title='bbox 717 2696 776 2751; x_wconf 90' lang='lat' dir='ltr'><strong>sine</strong></span> <span class='ocrx_word' id='word_1_256' title='bbox 791 2695 966 2750; x_wconf 88' lang='lat' dir='ltr'><strong>satisdatione</strong></span> <span class='ocrx_word' id='word_1_257' title='bbox 982 2693 1028 2748; x_wconf 89' lang='lat' dir='ltr'><strong>de-</strong></span> 
     </span>
     <span class='ocr_line' id='line_1_31' title="bbox 56 2777 1062 2853; baseline -0.003 -19"><span class='ocrx_word' id='word_1_258' title='bbox 56 2780 150 2836; x_wconf 87' lang='lat' dir='ltr'><strong>iensor</strong></span> <span class='ocrx_word' id='word_1_259' title='bbox 164 2780 279 2836; x_wconf 91' lang='lat' dir='ltr'><strong>idoneus</strong></span> <span class='ocrx_word' id='word_1_260' title='bbox 295 2779 473 2853; x_wconf 85' lang='lat' dir='ltr'><strong>intellegitur.</strong></span> <span class='ocrx_word' id='word_1_261' title='bbox 512 2778 585 2846; x_wconf 82' lang='lat' dir='ltr'><strong>Quae</strong></span> <span class='ocrx_word' id='word_1_262' title='bbox 606 2781 696 2834; x_wconf 89' lang='lat' dir='ltr'><strong>omnia</strong></span> <span class='ocrx_word' id='word_1_263' title='bbox 710 2781 829 2853; x_wconf 88' lang='lat' dir='ltr'><strong>apertius</strong></span> <span class='ocrx_word' id='word_1_264' title='bbox 845 2786 873 2834; x_wconf 88' lang='lat' dir='ltr'><strong>et</strong></span> <span class='ocrx_word' id='word_1_265' title='bbox 887 2777 1028 2852; x_wconf 85' lang='lat' dir='ltr'><strong>perfectis·</strong></span> <span class='ocrx_word' id='word_1_266' title='bbox 1046 2783 1062 2831; x_wconf 84' lang='grc'><strong>6</strong></span> 
     </span>
     <span class='ocr_line' id='line_1_32' title="bbox 54 2857 1027 2936; baseline -0.001 -17"><span class='ocrx_word' id='word_1_267' title='bbox 54 2866 123 2920; x_wconf 87' lang='lat' dir='ltr'><strong>sime</strong></span> <span class='ocrx_word' id='word_1_268' title='bbox 139 2857 177 2920; x_wconf 84' lang='lat' dir='ltr'><strong>e3</strong></span> <span class='ocrx_word' id='word_1_269' title='bbox 192 2865 340 2922; x_wconf 88' lang='lat' dir='ltr'><strong>cottidiano</strong></span> <span class='ocrx_word' id='word_1_270' title='bbox 355 2863 515 2920; x_wconf 88' lang='lat' dir='ltr'><strong>iudiciorum</strong></span> <span class='ocrx_word' id='word_1_271' title='bbox 532 2880 584 2918; x_wconf 90' lang='lat' dir='ltr'><strong>usu</strong></span> <span class='ocrx_word' id='word_1_272' title='bbox 609 2865 637 2918; x_wconf 91' lang='lat' dir='ltr'><strong>in</strong></span> <span class='ocrx_word' id='word_1_273' title='bbox 663 2865 729 2936; x_wconf 93' lang='lat' dir='ltr'><strong>ipsis</strong></span> <span class='ocrx_word' id='word_1_274' title='bbox 750 2880 842 2919; x_wconf 90' lang='lat' dir='ltr'><strong>rerum</strong></span> <span class='ocrx_word' id='word_1_275' title='bbox 857 2863 1027 2918; x_wconf 87' lang='lat' dir='ltr'><strong>documentis</strong></span> 
     </span>
     <span class='ocr_line' id='line_1_33' title="bbox 28 2946 1062 3025; baseline -0.003 -22"><span class='ocrx_word' id='word_1_276' title='bbox 28 3019 30 3025; x_wconf 18' lang='lat' dir='ltr'>y</span> <span class='ocrx_word' id='word_1_277' title='bbox 55 2957 197 3022; x_wconf 88' lang='lat' dir='ltr'><strong>apparent.</strong></span> <span class='ocrx_word' id='word_1_278' title='bbox 235 2947 319 3016; x_wconf 84' lang='lat' dir='ltr'><strong>Quam</strong></span> <span class='ocrx_word' id='word_1_279' title='bbox 335 2949 448 3005; x_wconf 89' lang='lat' dir='ltr'><strong>iormam</strong></span> <span class='ocrx_word' id='word_1_280' title='bbox 464 2965 519 3004; x_wconf 90' lang='lat' dir='ltr'><strong>non</strong></span> <span class='ocrx_word' id='word_1_281' title='bbox 535 2947 624 3004; x_wconf 92' lang='lat' dir='ltr'><strong>solum</strong></span> <span class='ocrx_word' id='word_1_282' title='bbox 650 2949 678 3003; x_wconf 95' lang='lat' dir='ltr'><strong>in</strong></span> <span class='ocrx_word' id='word_1_283' title='bbox 698 2948 749 3003; x_wconf 90' lang='lat' dir='ltr'><strong>hac</strong></span> <span class='ocrx_word' id='word_1_284' title='bbox 773 2949 850 3022; x_wconf 81' lang='lat' dir='ltr'><strong>regin</strong></span> <span class='ocrx_word' id='word_1_285' title='bbox 872 2947 953 3020; x_wconf 90' lang='lat' dir='ltr'><strong>urhe,</strong></span> <span class='ocrx_word' id='word_1_286' title='bbox 980 2946 1062 3002; x_wconf 72' lang='lat' dir='ltr'><strong>sedi</strong></span> 
     </span>
     <span class='ocr_line' id='line_1_34' title="bbox 55 3031 1029 3106; baseline -0.002 -18"><span class='ocrx_word' id='word_1_287' title='bbox 55 3041 85 3090; x_wconf 91' lang='lat' dir='ltr'><strong>et</strong></span> <span class='ocrx_word' id='word_1_288' title='bbox 99 3035 128 3090; x_wconf 90' lang='lat' dir='ltr'><strong>in</strong></span> <span class='ocrx_word' id='word_1_289' title='bbox 144 3033 268 3090; x_wconf 89' lang='lat' dir='ltr'><strong>omnibus</strong></span> <span class='ocrx_word' id='word_1_290' title='bbox 284 3035 386 3090; x_wconf 88' lang='lat' dir='ltr'><strong>nostris</strong></span> <span class='ocrx_word' id='word_1_291' title='bbox 401 3033 561 3106; x_wconf 90' lang='lat' dir='ltr'><strong>provinciis,</strong></span> <span class='ocrx_word' id='word_1_292' title='bbox 579 3033 630 3088; x_wconf 90' lang='lat' dir='ltr'><strong>etsi</strong></span> <span class='ocrx_word' id='word_1_293' title='bbox 645 3039 760 3106; x_wconf 89' lang='lat' dir='ltr'><strong>propter</strong></span> <span class='ocrx_word' id='word_1_294' title='bbox 774 3033 934 3106; x_wconf 86' lang='lat' dir='ltr'><strong>imperitiam</strong></span> <span class='ocrx_word' id='word_1_295' title='bbox 951 3031 1029 3087; x_wconf 90' lang='lat' dir='ltr'><strong>aliter</strong></span> 
     </span>
    </p>
   </div>
   <div class='ocr_carea' id='block_1_3' title="bbox 54 3263 1029 3522">
    <p class='ocr_par' dir='ltr' id='par_1_3' title="bbox 54 3263 1029 3522">
     <span class='ocr_line' id='line_1_35' title="bbox 126 3263 1027 3330; baseline -0.006 -15"><span class='ocrx_word' id='word_1_296' title='bbox 126 3265 147 3330; x_wconf 87' lang='lat'><strong>¹)</strong></span> <span class='ocrx_word' id='word_1_297' title='bbox 166 3268 196 3315; x_wconf 89' lang='lat' dir='ltr'><strong>in</strong></span> <span class='ocrx_word' id='word_1_298' title='bbox 221 3265 324 3316; x_wconf 86' lang='lat' dir='ltr'><strong>iudicio</strong></span> <span class='ocrx_word' id='word_1_299' title='bbox 352 3266 428 3316; x_wconf 83' lang='lat' dir='ltr'><strong>codd.</strong></span> <span class='ocrx_word' id='word_1_300' title='bbox 457 3264 535 3328; x_wconf 79' lang='lat' dir='ltr'><strong>infer.</strong></span> <span class='ocrx_word' id='word_1_301' title='bbox 558 3263 669 3328; x_wconf 78' lang='lat' dir='ltr'><strong>Theopla.</strong></span> <span class='ocrx_word' id='word_1_302' title='bbox 696 3263 801 3313; x_wconf 87' lang='lat' dir='ltr'><strong>iudicio</strong></span> <span class='ocrx_word' id='word_1_303' title='bbox 819 3265 894 3314; x_wconf 85' lang='lat' dir='ltr'><strong>codd.</strong></span> <span class='ocrx_word' id='word_1_304' title='bbox 917 3270 967 3314; x_wconf 86' lang='lat' dir='ltr'><strong>oet.</strong></span> <span class='ocrx_word' id='word_1_305' title='bbox 987 3264 1027 3311; x_wconf 85' lang='lat' dir='ltr'><strong>ed.</strong></span> 
     </span>
     <span class='ocr_line' id='line_1_36' title="bbox 55 3323 1028 3398; baseline -0.007 -15"><span class='ocrx_word' id='word_1_306' title='bbox 55 3334 108 3384; x_wconf 85' lang='lat' dir='ltr'><strong>Kr.</strong></span> <span class='ocrx_word' id='word_1_307' title='bbox 179 3331 200 3398; x_wconf 84' lang='lat'><strong>²)</strong></span> <span class='ocrx_word' id='word_1_308' title='bbox 220 3332 444 3384; x_wconf 82' lang='lat' dir='ltr'><strong>condemnationi</strong></span> <span class='ocrx_word' id='word_1_309' title='bbox 461 3333 536 3382; x_wconf 82' lang='lat' dir='ltr'><strong>codd.</strong></span> <span class='ocrx_word' id='word_1_310' title='bbox 555 3339 603 3382; x_wconf 82' lang='lat' dir='ltr'><strong>net.</strong></span> <span class='ocrx_word' id='word_1_311' title='bbox 623 3333 663 3385; x_wconf 83' lang='lat' dir='ltr'><strong>cd.</strong></span> <span class='ocrx_word' id='word_1_312' title='bbox 683 3331 734 3380; x_wconf 85' lang='lat' dir='ltr'><strong>Kr.</strong></span> <span class='ocrx_word' id='word_1_313' title='bbox 822 3328 842 3394; x_wconf 78' lang='grc'><strong>3)</strong></span> <span class='ocrx_word' id='word_1_314' title='bbox 863 3323 894 3380; x_wconf 74' lang='grc' dir='ltr'><strong>ἔκ</strong></span> <span class='ocrx_word' id='word_1_315' title='bbox 916 3329 1028 3392; x_wconf 77' lang='lat' dir='ltr'><strong>Tleeopln</strong></span> 
     </span>
     <span class='ocr_line' id='line_1_37' title="bbox 57 3397 1029 3465; baseline -0.004 -13"><span class='ocrx_word' id='word_1_316' title='bbox 57 3418 140 3454; x_wconf 87' lang='lat' dir='ltr'><strong>eom.</strong></span> <span class='ocrx_word' id='word_1_317' title='bbox 169 3408 222 3452; x_wconf 82' lang='lat' dir='ltr'><strong>tres</strong></span> <span class='ocrx_word' id='word_1_318' title='bbox 248 3403 323 3452; x_wconf 84' lang='lat' dir='ltr'><strong>codd.</strong></span> <span class='ocrx_word' id='word_1_319' title='bbox 350 3401 428 3465; x_wconf 77' lang='lat' dir='ltr'><strong>infer.</strong></span> <span class='ocrx_word' id='word_1_320' title='bbox 456 3399 613 3465; x_wconf 79' lang='lat' dir='ltr'><strong>(absorptum</strong></span> <span class='ocrx_word' id='word_1_321' title='bbox 639 3416 655 3450; x_wconf 86' lang='lat' dir='ltr'><strong>a</strong></span> <span class='ocrx_word' id='word_1_322' title='bbox 676 3401 757 3450; x_wconf 81' lang='lat' dir='ltr'><strong>vicino</strong></span> <span class='ocrx_word' id='word_1_323' title='bbox 775 3397 992 3463; x_wconf 79' lang='lat' dir='ltr'><strong>perfectissime)</strong></span> <span class='ocrx_word' id='word_1_324' title='bbox 1012 3413 1029 3448; x_wconf 80' lang='lat' dir='ltr'><strong>a</strong></span> 
     </span>
     <span class='ocr_line' id='line_1_38' title="bbox 54 3471 915 3522; baseline -0.001 -2"><span class='ocrx_word' id='word_1_325' title='bbox 54 3471 139 3522; x_wconf 72' lang='lat' dir='ltr'><strong>ceteri</strong></span> <span class='ocrx_word' id='word_1_326' title='bbox 155 3471 230 3521; x_wconf 85' lang='lat' dir='ltr'><strong>codd.</strong></span> <span class='ocrx_word' id='word_1_327' title='bbox 249 3471 308 3520; x_wconf 81' lang='lat' dir='ltr'><strong>edd.</strong></span> <span class='ocrx_word' id='word_1_328' title='bbox 913 3488 915 3492; x_wconf 95' lang='lat'>·</span> 
     </span>
    </p>
   </div>
   <div class='ocr_carea' id='block_1_4' title="bbox 0 0 1236 3916">
    <p class='ocr_par' dir='ltr' id='par_1_4' title="bbox 0 0 1236 3916">
     <span class='ocr_line' id='line_1_39' title="bbox 0 0 1236 3916; baseline 0 0"><span class='ocrx_word' id='word_1_329' title='bbox 0 0 1236 3916; x_wconf 95' lang='lat' dir='ltr'><strong> </strong></span> 
     </span>
    </p>
   </div>
  </div>
 </body>
</html>
