<?xml version="1.0" encoding="UTF-8"?>
<!DOCTYPE html PUBLIC "-//W3C//DTD XHTML 1.0 Transitional//EN"
    "http://www.w3.org/TR/xhtml1/DTD/xhtml1-transitional.dtd">
<html xmlns="http://www.w3.org/1999/xhtml" xml:lang="en" lang="en">
 <head>
  <title>
</title>
<meta http-equiv="Content-Type" content="text/html;charset=utf-8" />
  <meta name='ocr-system' content='tesseract 3.04.00' />
  <meta name='ocr-capabilities' content='ocr_page ocr_carea ocr_par ocr_line ocrx_word'/>
</head>
<body>
  <div class='ocr_page' id='page_1' title='image "./impivstinianiin00huscgoog_0150.png"; bbox 0 0 2484 3916; ppageno 0'>
   <div class='ocr_carea' id='block_1_1' title="bbox 449 189 1070 256">
    <p class='ocr_par' dir='ltr' id='par_1_1' title="bbox 449 189 1070 256">
     <span class='ocr_line' id='line_1_1' title="bbox 449 189 1070 256; baseline 0.023 -15"><span class='ocrx_word' id='word_1_1' title='bbox 449 207 485 244; x_wconf 77' lang='lat' dir='ltr'><strong>ne</strong></span> <span class='ocrx_word' id='word_1_2' title='bbox 505 207 623 244; x_wconf 76' lang='lat' dir='ltr'><strong>aureave</strong></span> <span class='ocrx_word' id='word_1_3' title='bbox 640 189 663 256; x_wconf 91' lang='lat' dir='ltr'><strong>I,</strong></span> <span class='ocrx_word' id='word_1_4' title='bbox 683 195 723 245; x_wconf 80' lang='lat'><strong>1³.</strong></span> <span class='ocrx_word' id='word_1_5' title='bbox 1028 189 1070 254; x_wconf 77' lang='lat'><strong>21</strong></span> 
     </span>
    </p>
   </div>
   <div class='ocr_carea' id='block_1_2' title="bbox 44 341 1124 2114">
    <p class='ocr_par' dir='ltr' id='par_1_2' title="bbox 103 341 1105 1014">
     <span class='ocr_line' id='line_1_2' title="bbox 106 341 1104 422; baseline 0.007 -20"><span class='ocrx_word' id='word_1_6' title='bbox 106 341 301 404; x_wconf 80' lang='lat' dir='ltr'><strong>¹rldmonendi</strong></span> <span class='ocrx_word' id='word_1_7' title='bbox 325 357 416 404; x_wconf 91' lang='lat' dir='ltr'><strong>autem</strong></span> <span class='ocrx_word' id='word_1_8' title='bbox 436 365 546 421; x_wconf 83' lang='lat' dir='ltr'><strong>sumus,</strong></span> <span class='ocrx_word' id='word_1_9' title='bbox 571 347 685 405; x_wconf 86' lang='lat' dir='ltr'><strong>liberum</strong></span> <span class='ocrx_word' id='word_1_10' title='bbox 706 364 766 404; x_wconf 89' lang='lat' dir='ltr'><strong>esse</strong></span> <span class='ocrx_word' id='word_1_11' title='bbox 790 348 930 406; x_wconf 81' lang='lat' dir='ltr'><strong>arbitrium</strong></span> <span class='ocrx_word' id='word_1_12' title='bbox 956 350 996 420; x_wconf 88' lang='lat' dir='ltr'><strong>ei,</strong></span> <span class='ocrx_word' id='word_1_13' title='bbox 1024 350 1104 422; x_wconf 84' lang='lat' dir='ltr'><strong>quit</strong></span> 
     </span>
     <span class='ocr_line' id='line_1_3' title="bbox 105 431 1069 508; baseline 0 -20"><span class='ocrx_word' id='word_1_14' title='bbox 105 431 190 488; x_wconf 84' lang='lat' dir='ltr'><strong>filium</strong></span> <span class='ocrx_word' id='word_1_15' title='bbox 207 441 235 488; x_wconf 91' lang='lat' dir='ltr'><strong>et</strong></span> <span class='ocrx_word' id='word_1_16' title='bbox 249 449 282 489; x_wconf 80' lang='lat' dir='ltr'><strong>es</strong></span> <span class='ocrx_word' id='word_1_17' title='bbox 297 449 330 489; x_wconf 92' lang='lat' dir='ltr'><strong>eo</strong></span> <span class='ocrx_word' id='word_1_18' title='bbox 341 443 468 508; x_wconf 80' lang='lat' dir='ltr'>nepotem</span> <span class='ocrx_word' id='word_1_19' title='bbox 479 434 521 491; x_wconf 90' lang='lat' dir='ltr'><strong>vel</strong></span> <span class='ocrx_word' id='word_1_20' title='bbox 535 442 644 507; x_wconf 85' lang='lat' dir='ltr'><strong>neptem</strong></span> <span class='ocrx_word' id='word_1_21' title='bbox 656 434 684 488; x_wconf 89' lang='lat' dir='ltr'><strong>iu</strong></span> <span class='ocrx_word' id='word_1_22' title='bbox 695 441 834 507; x_wconf 77' lang='lat' dir='ltr'><strong>potestate</strong></span> <span class='ocrx_word' id='word_1_23' title='bbox 850 432 969 504; x_wconf 86' lang='lat' dir='ltr'><strong>habebit,</strong></span> <span class='ocrx_word' id='word_1_24' title='bbox 985 431 1069 488; x_wconf 91' lang='lat' dir='ltr'><strong>lilium</strong></span> 
     </span>
     <span class='ocr_line' id='line_1_4' title="bbox 104 517 1071 592; baseline 0 -20"><span class='ocrx_word' id='word_1_25' title='bbox 104 517 215 592; x_wconf 90' lang='lat' dir='ltr'><strong>quidem</strong></span> <span class='ocrx_word' id='word_1_26' title='bbox 231 517 264 573; x_wconf 93' lang='lat' dir='ltr'><strong>de</strong></span> <span class='ocrx_word' id='word_1_27' title='bbox 278 526 414 592; x_wconf 80' lang='lat' dir='ltr'><strong>potestate</strong></span> <span class='ocrx_word' id='word_1_28' title='bbox 429 519 582 590; x_wconf 77' lang='lat' dir='ltr'><strong>dimittere,</strong></span> <span class='ocrx_word' id='word_1_29' title='bbox 602 526 730 592; x_wconf 82' lang='lat' dir='ltr'><strong>nepotem</strong></span> <span class='ocrx_word' id='word_1_30' title='bbox 745 535 809 574; x_wconf 91' lang='lat' dir='ltr'><strong>vero</strong></span> <span class='ocrx_word' id='word_1_31' title='bbox 824 519 866 574; x_wconf 89' lang='lat' dir='ltr'><strong>vel</strong></span> <span class='ocrx_word' id='word_1_32' title='bbox 882 525 991 592; x_wconf 88' lang='lat' dir='ltr'><strong>neptem</strong></span> <span class='ocrx_word' id='word_1_33' title='bbox 1006 519 1071 574; x_wconf 90' lang='lat' dir='ltr'><strong>reti-</strong></span> 
     </span>
     <span class='ocr_line' id='line_1_5' title="bbox 104 602 1071 678; baseline 0 -20"><span class='ocrx_word' id='word_1_34' title='bbox 104 619 185 658; x_wconf 88' lang='lat' dir='ltr'><strong>nere:</strong></span> <span class='ocrx_word' id='word_1_35' title='bbox 202 611 230 658; x_wconf 92' lang='lat' dir='ltr'><strong>et</strong></span> <span class='ocrx_word' id='word_1_36' title='bbox 245 618 279 658; x_wconf 79' lang='lat' dir='ltr'><strong>er</strong></span> <span class='ocrx_word' id='word_1_37' title='bbox 293 602 398 660; x_wconf 87' lang='lat' dir='ltr'><strong>diverso</strong></span> <span class='ocrx_word' id='word_1_38' title='bbox 414 603 499 660; x_wconf 89' lang='lat' dir='ltr'><strong>lilium</strong></span> <span class='ocrx_word' id='word_1_39' title='bbox 519 603 628 678; x_wconf 88' lang='lat' dir='ltr'><strong>quidem</strong></span> <span class='ocrx_word' id='word_1_40' title='bbox 643 604 670 658; x_wconf 88' lang='lat' dir='ltr'><strong>in</strong></span> <span class='ocrx_word' id='word_1_41' title='bbox 685 610 821 677; x_wconf 81' lang='lat' dir='ltr'><strong>potestate</strong></span> <span class='ocrx_word' id='word_1_42' title='bbox 835 604 970 675; x_wconf 88' lang='lat' dir='ltr'><strong>retinere,</strong></span> <span class='ocrx_word' id='word_1_43' title='bbox 986 619 1071 677; x_wconf 89' lang='lat' dir='ltr'><strong>nepo·</strong></span> 
     </span>
     <span class='ocr_line' id='line_1_6' title="bbox 106 686 1070 762; baseline -0.002 -19"><span class='ocrx_word' id='word_1_44' title='bbox 106 697 160 743; x_wconf 92' lang='lat' dir='ltr'><strong>tem</strong></span> <span class='ocrx_word' id='word_1_45' title='bbox 177 703 241 742; x_wconf 90' lang='lat' dir='ltr'><strong>vero</strong></span> <span class='ocrx_word' id='word_1_46' title='bbox 256 686 299 742; x_wconf 89' lang='lat' dir='ltr'><strong>vel</strong></span> <span class='ocrx_word' id='word_1_47' title='bbox 314 696 423 762; x_wconf 89' lang='lat' dir='ltr'><strong>neptem</strong></span> <span class='ocrx_word' id='word_1_48' title='bbox 438 689 629 744; x_wconf 84' lang='lat' dir='ltr'><strong>manumittere</strong></span> <span class='ocrx_word' id='word_1_49' title='bbox 645 687 748 758; x_wconf 92' lang='lat' dir='ltr'><strong>(eadem</strong></span> <span class='ocrx_word' id='word_1_50' title='bbox 769 687 845 743; x_wconf 90' lang='lat' dir='ltr'><strong>etde</strong></span> <span class='ocrx_word' id='word_1_51' title='bbox 860 695 1013 761; x_wconf 79' lang='lat' dir='ltr'><strong>pronepote</strong></span> <span class='ocrx_word' id='word_1_52' title='bbox 1028 686 1070 742; x_wconf 90' lang='lat' dir='ltr'><strong>vel</strong></span> 
     </span>
     <span class='ocr_line' id='line_1_7' title="bbox 103 769 1068 848; baseline 0 -22"><span class='ocrx_word' id='word_1_53' title='bbox 103 778 238 845; x_wconf 88' lang='lat' dir='ltr'><strong>pronepte</strong></span> <span class='ocrx_word' id='word_1_54' title='bbox 253 771 323 827; x_wconf 89' lang='lat' dir='ltr'><strong>dicta</strong></span> <span class='ocrx_word' id='word_1_55' title='bbox 338 788 398 828; x_wconf 89' lang='lat' dir='ltr'><strong>esse</strong></span> <span class='ocrx_word' id='word_1_56' title='bbox 412 770 628 848; x_wconf 81' lang='lat' dir='ltr'><strong>intellegantur),</strong></span> <span class='ocrx_word' id='word_1_57' title='bbox 644 771 686 827; x_wconf 92' lang='lat' dir='ltr'><strong>vel</strong></span> <span class='ocrx_word' id='word_1_58' title='bbox 702 787 796 828; x_wconf 88' lang='lat' dir='ltr'><strong>omnes</strong></span> <span class='ocrx_word' id='word_1_59' title='bbox 811 773 853 828; x_wconf 91' lang='lat' dir='ltr'><strong>sui</strong></span> <span class='ocrx_word' id='word_1_60' title='bbox 868 773 934 827; x_wconf 91' lang='lat' dir='ltr'><strong>iuris</strong></span> <span class='ocrx_word' id='word_1_61' title='bbox 950 769 1068 828; x_wconf 84' lang='lat' dir='ltr'><strong>efficere.</strong></span> 
     </span>
     <span class='ocr_line' id='line_1_8' title="bbox 104 853 1105 930; baseline -0.002 -18"><span class='ocrx_word' id='word_1_62' title='bbox 104 855 157 912; x_wconf 90' lang='lat' dir='ltr'><strong>Sed</strong></span> <span class='ocrx_word' id='word_1_63' title='bbox 174 857 238 911; x_wconf 90' lang='lat' dir='ltr'><strong>etsi</strong></span> <span class='ocrx_word' id='word_1_64' title='bbox 253 863 330 928; x_wconf 91' lang='lat' dir='ltr'><strong>pater</strong></span> <span class='ocrx_word' id='word_1_65' title='bbox 345 853 440 928; x_wconf 88' lang='lat' dir='ltr'><strong>filium,</strong></span> <span class='ocrx_word' id='word_1_66' title='bbox 456 873 536 930; x_wconf 89' lang='lat' dir='ltr'><strong>quem</strong></span> <span class='ocrx_word' id='word_1_67' title='bbox 552 859 580 912; x_wconf 89' lang='lat' dir='ltr'><strong>in</strong></span> <span class='ocrx_word' id='word_1_68' title='bbox 591 865 729 929; x_wconf 87' lang='lat' dir='ltr'><strong>potestate</strong></span> <span class='ocrx_word' id='word_1_69' title='bbox 740 855 832 928; x_wconf 84' lang='lat' dir='ltr'><strong>habet,</strong></span> <span class='ocrx_word' id='word_1_70' title='bbox 847 873 896 912; x_wconf 91' lang='lat' dir='ltr'><strong>avo</strong></span> <span class='ocrx_word' id='word_1_71' title='bbox 912 855 953 911; x_wconf 87' lang='lat' dir='ltr'><strong>vel</strong></span> <span class='ocrx_word' id='word_1_72' title='bbox 969 873 1070 930; x_wconf 90' lang='lat' dir='ltr'><strong>proavo</strong></span> <span class='ocrx_word' id='word_1_73' title='bbox 1089 862 1105 910; x_wconf 87' lang='lat'>8</span> 
     </span>
     <span class='ocr_line' id='line_1_9' title="bbox 104 934 1071 1014; baseline 0 -18"><span class='ocrx_word' id='word_1_74' title='bbox 104 939 221 996; x_wconf 88' lang='lat' dir='ltr'><strong>naturali</strong></span> <span class='ocrx_word' id='word_1_75' title='bbox 236 939 384 996; x_wconf 90' lang='lat' dir='ltr'><strong>secundnm</strong></span> <span class='ocrx_word' id='word_1_76' title='bbox 399 949 506 996; x_wconf 89' lang='lat' dir='ltr'><strong>nostras</strong></span> <span class='ocrx_word' id='word_1_77' title='bbox 522 934 752 997; x_wconf 84' lang='lat' dir='ltr'><strong>constitutiones²</strong></span> <span class='ocrx_word' id='word_1_78' title='bbox 772 957 854 1014; x_wconf 89' lang='lat' dir='ltr'><strong>super</strong></span> <span class='ocrx_word' id='word_1_79' title='bbox 869 941 910 996; x_wconf 90' lang='lat' dir='ltr'><strong>his</strong></span> <span class='ocrx_word' id='word_1_80' title='bbox 926 939 1028 996; x_wconf 89' lang='lat' dir='ltr'><strong>habitas</strong></span> <span class='ocrx_word' id='word_1_81' title='bbox 1043 941 1071 996; x_wconf 88' lang='lat' dir='ltr'><strong>in</strong></span> 
     </span>
    </p>

    <p class='ocr_par' dir='ltr' id='par_1_3' title="bbox 44 1023 1124 2114">
     <span class='ocr_line' id='line_1_10' title="bbox 44 1023 1071 1098; baseline -0.002 -18"><span class='ocrx_word' id='word_1_82' title='bbox 44 1091 47 1098; x_wconf 68' lang='lat'><strong>,</strong></span> <span class='ocrx_word' id='word_1_83' title='bbox 104 1025 280 1098; x_wconf 91' lang='lat' dir='ltr'><strong>adoptionem</strong></span> <span class='ocrx_word' id='word_1_84' title='bbox 291 1025 407 1097; x_wconf 80' lang='lat' dir='ltr'><strong>dederit,</strong></span> <span class='ocrx_word' id='word_1_85' title='bbox 422 1025 504 1080; x_wconf 87' lang='lat' dir='ltr'><strong>idest</strong></span> <span class='ocrx_word' id='word_1_86' title='bbox 518 1027 542 1081; x_wconf 90' lang='lat' dir='ltr'><strong>si</strong></span> <span class='ocrx_word' id='word_1_87' title='bbox 557 1025 610 1080; x_wconf 90' lang='lat' dir='ltr'><strong>hoc</strong></span> <span class='ocrx_word' id='word_1_88' title='bbox 618 1026 723 1098; x_wconf 85' lang='lat' dir='ltr'><strong>ipsum,</strong></span> <span class='ocrx_word' id='word_1_89' title='bbox 739 1026 805 1081; x_wconf 89' lang='lat' dir='ltr'><strong>actis</strong></span> <span class='ocrx_word' id='word_1_90' title='bbox 817 1023 1071 1097; x_wconf 86' lang='lat' dir='ltr'><strong>intervenientibus,</strong></span> 
     </span>
     <span class='ocr_line' id='line_1_11' title="bbox 103 1109 1072 1184; baseline 0 -20"><span class='ocrx_word' id='word_1_91' title='bbox 103 1109 176 1182; x_wconf 87' lang='lat' dir='ltr'><strong>apud</strong></span> <span class='ocrx_word' id='word_1_92' title='bbox 197 1116 395 1182; x_wconf 82' lang='lat' dir='ltr'><strong>competentem</strong></span> <span class='ocrx_word' id='word_1_93' title='bbox 421 1109 534 1168; x_wconf 87' lang='lat' dir='ltr'><strong>iudicem</strong></span> <span class='ocrx_word' id='word_1_94' title='bbox 560 1109 756 1182; x_wconf 76' lang='lat' dir='ltr'><strong>manifestavit,</strong></span> <span class='ocrx_word' id='word_1_95' title='bbox 780 1118 924 1184; x_wconf 87' lang='lat' dir='ltr'><strong>praesente</strong></span> <span class='ocrx_word' id='word_1_96' title='bbox 950 1126 1000 1182; x_wconf 93' lang='lat' dir='ltr'><strong>eo,</strong></span> <span class='ocrx_word' id='word_1_97' title='bbox 1026 1111 1072 1182; x_wconf 90' lang='lat' dir='ltr'><strong>qui</strong></span> 
     </span>
     <span class='ocr_line' id='line_1_12' title="bbox 103 1193 1072 1268; baseline 0.002 -20"><span class='ocrx_word' id='word_1_98' title='bbox 103 1193 260 1266; x_wconf 87' lang='lat' dir='ltr'><strong>adoptatur,</strong></span> <span class='ocrx_word' id='word_1_99' title='bbox 277 1202 305 1250; x_wconf 92' lang='lat' dir='ltr'><strong>et</strong></span> <span class='ocrx_word' id='word_1_100' title='bbox 319 1211 374 1250; x_wconf 89' lang='lat' dir='ltr'><strong>non</strong></span> <span class='ocrx_word' id='word_1_101' title='bbox 390 1194 592 1251; x_wconf 82' lang='lat' dir='ltr'><strong>contradicente</strong></span> <span class='ocrx_word' id='word_1_102' title='bbox 607 1211 658 1250; x_wconf 90' lang='lat' dir='ltr'><strong>neo</strong></span> <span class='ocrx_word' id='word_1_103' title='bbox 673 1210 728 1250; x_wconf 90' lang='lat' dir='ltr'><strong>noo</strong></span> <span class='ocrx_word' id='word_1_104' title='bbox 745 1211 793 1265; x_wconf 87' lang='lat' dir='ltr'><strong>eo,</strong></span> <span class='ocrx_word' id='word_1_105' title='bbox 816 1196 862 1268; x_wconf 87' lang='lat' dir='ltr'><strong>qui</strong></span> <span class='ocrx_word' id='word_1_106' title='bbox 878 1193 1000 1268; x_wconf 88' lang='lat' dir='ltr'><strong>adoptat,</strong></span> <span class='ocrx_word' id='word_1_107' title='bbox 1016 1193 1072 1250; x_wconf 90' lang='lat' dir='ltr'><strong>sol·</strong></span> 
     </span>
     <span class='ocr_line' id='line_1_13' title="bbox 101 1277 1071 1353; baseline 0.002 -22"><span class='ocrx_word' id='word_1_108' title='bbox 101 1279 179 1334; x_wconf 90' lang='lat' dir='ltr'><strong>vitur</strong></span> <span class='ocrx_word' id='word_1_109' title='bbox 193 1277 301 1352; x_wconf 88' lang='lat' dir='ltr'><strong>quidem</strong></span> <span class='ocrx_word' id='word_1_110' title='bbox 315 1281 358 1334; x_wconf 92' lang='lat' dir='ltr'><strong>ius</strong></span> <span class='ocrx_word' id='word_1_111' title='bbox 379 1281 524 1352; x_wconf 87' lang='lat' dir='ltr'><strong>potestatis</strong></span> <span class='ocrx_word' id='word_1_112' title='bbox 545 1279 630 1353; x_wconf 90' lang='lat' dir='ltr'><strong>patris</strong></span> <span class='ocrx_word' id='word_1_113' title='bbox 652 1279 798 1350; x_wconf 86' lang='lat' dir='ltr'><strong>naturalis,</strong></span> <span class='ocrx_word' id='word_1_114' title='bbox 820 1280 917 1336; x_wconf 87' lang='lat' dir='ltr'><strong>transit</strong></span> <span class='ocrx_word' id='word_1_115' title='bbox 937 1288 1028 1336; x_wconf 90' lang='lat' dir='ltr'><strong>autem</strong></span> <span class='ocrx_word' id='word_1_116' title='bbox 1043 1279 1071 1334; x_wconf 87' lang='lat' dir='ltr'><strong>in</strong></span> 
     </span>
     <span class='ocr_line' id='line_1_14' title="bbox 102 1361 1071 1438; baseline 0.001 -21"><span class='ocrx_word' id='word_1_117' title='bbox 102 1361 260 1418; x_wconf 91' lang='lat' dir='ltr'><strong>huiusmodi</strong></span> <span class='ocrx_word' id='word_1_118' title='bbox 273 1372 414 1436; x_wconf 90' lang='lat' dir='ltr'><strong>parentem</strong></span> <span class='ocrx_word' id='word_1_119' title='bbox 426 1363 598 1437; x_wconf 90' lang='lat' dir='ltr'><strong>adoptivum,</strong></span> <span class='ocrx_word' id='word_1_120' title='bbox 618 1365 646 1418; x_wconf 90' lang='lat' dir='ltr'><strong>in</strong></span> <span class='ocrx_word' id='word_1_121' title='bbox 667 1365 745 1418; x_wconf 89' lang='lat' dir='ltr'><strong>cuius</strong></span> <span class='ocrx_word' id='word_1_122' title='bbox 765 1379 883 1437; x_wconf 89' lang='lat' dir='ltr'><strong>persona</strong></span> <span class='ocrx_word' id='word_1_123' title='bbox 897 1363 1071 1438; x_wconf 90' lang='lat' dir='ltr'><strong>adoptionem</strong></span> 
     </span>
     <span class='ocr_line' id='line_1_15' title="bbox 102 1447 1106 1522; baseline 0 -20"><span class='ocrx_word' id='word_1_124' title='bbox 102 1447 288 1521; x_wconf 89' lang='lat' dir='ltr'><strong>plenissimam</strong></span> <span class='ocrx_word' id='word_1_125' title='bbox 304 1465 364 1504; x_wconf 90' lang='lat' dir='ltr'><strong>esse</strong></span> <span class='ocrx_word' id='word_1_126' title='bbox 384 1455 461 1504; x_wconf 88' lang='lat' dir='ltr'><strong>antea</strong></span> <span class='ocrx_word' id='word_1_127' title='bbox 486 1448 611 1504; x_wconf 83' lang='lat' dir='ltr'><strong>diximus.</strong></span> <span class='ocrx_word' id='word_1_128' title='bbox 648 1447 717 1502; x_wconf 94' lang='lat' dir='ltr'><strong>lllud</strong></span> <span class='ocrx_word' id='word_1_129' title='bbox 742 1455 831 1504; x_wconf 91' lang='lat' dir='ltr'><strong>autem</strong></span> <span class='ocrx_word' id='word_1_130' title='bbox 858 1449 928 1503; x_wconf 91' lang='lat' dir='ltr'><strong>scire</strong></span> <span class='ocrx_word' id='word_1_131' title='bbox 950 1457 1071 1522; x_wconf 92' lang='lat' dir='ltr'><strong>oportet,</strong></span> <span class='ocrx_word' id='word_1_132' title='bbox 1090 1453 1106 1502; x_wconf 83' lang='grc'><strong>9</strong></span> 
     </span>
     <span class='ocr_line' id='line_1_16' title="bbox 104 1529 1072 1606; baseline -0.001 -19"><span class='ocrx_word' id='word_1_133' title='bbox 104 1531 196 1606; x_wconf 84' lang='lat' dir='ltr'><strong>quod,</strong></span> <span class='ocrx_word' id='word_1_134' title='bbox 222 1533 246 1587; x_wconf 88' lang='lat' dir='ltr'><strong>si</strong></span> <span class='ocrx_word' id='word_1_135' title='bbox 267 1549 352 1588; x_wconf 88' lang='lat' dir='ltr'><strong>nurus</strong></span> <span class='ocrx_word' id='word_1_136' title='bbox 370 1541 415 1588; x_wconf 93' lang='lat' dir='ltr'><strong>tua</strong></span> <span class='ocrx_word' id='word_1_137' title='bbox 438 1549 470 1588; x_wconf 81' lang='lat' dir='ltr'><strong>ex</strong></span> <span class='ocrx_word' id='word_1_138' title='bbox 496 1531 552 1588; x_wconf 91' lang='lat' dir='ltr'><strong>lilio</strong></span> <span class='ocrx_word' id='word_1_139' title='bbox 579 1541 627 1588; x_wconf 94' lang='lat' dir='ltr'><strong>tuo</strong></span> <span class='ocrx_word' id='word_1_140' title='bbox 653 1533 809 1606; x_wconf 89' lang='lat' dir='ltr'><strong>conceperit</strong></span> <span class='ocrx_word' id='word_1_141' title='bbox 835 1541 863 1588; x_wconf 92' lang='lat' dir='ltr'><strong>et</strong></span> <span class='ocrx_word' id='word_1_142' title='bbox 878 1529 961 1586; x_wconf 86' lang='lat' dir='ltr'><strong>filium</strong></span> <span class='ocrx_word' id='word_1_143' title='bbox 977 1541 1072 1606; x_wconf 90' lang='lat' dir='ltr'><strong>postea</strong></span> 
     </span>
     <span class='ocr_line' id='line_1_17' title="bbox 103 1615 1071 1692; baseline 0 -20"><span class='ocrx_word' id='word_1_144' title='bbox 103 1617 314 1689; x_wconf 89' lang='lat' dir='ltr'><strong>emancipaveris</strong></span> <span class='ocrx_word' id='word_1_145' title='bbox 329 1617 372 1673; x_wconf 87' lang='lat' dir='ltr'><strong>vel</strong></span> <span class='ocrx_word' id='word_1_146' title='bbox 387 1619 415 1674; x_wconf 90' lang='lat' dir='ltr'><strong>in</strong></span> <span class='ocrx_word' id='word_1_147' title='bbox 430 1617 604 1692; x_wconf 89' lang='lat' dir='ltr'><strong>adoptionem</strong></span> <span class='ocrx_word' id='word_1_148' title='bbox 619 1615 726 1673; x_wconf 89' lang='lat' dir='ltr'><strong>dederis</strong></span> <span class='ocrx_word' id='word_1_149' title='bbox 746 1625 913 1692; x_wconf 82' lang='lat' dir='ltr'><strong>praegnante</strong></span> <span class='ocrx_word' id='word_1_150' title='bbox 929 1633 1000 1672; x_wconf 90' lang='lat' dir='ltr'><strong>nuru</strong></span> <span class='ocrx_word' id='word_1_151' title='bbox 1017 1627 1071 1688; x_wconf 84' lang='lat' dir='ltr'><strong>tua,</strong></span> 
     </span>
     <span class='ocr_line' id='line_1_18' title="bbox 103 1700 1070 1776; baseline 0 -21"><span class='ocrx_word' id='word_1_152' title='bbox 103 1700 190 1756; x_wconf 87' lang='lat' dir='ltr'><strong>nihilo</strong></span> <span class='ocrx_word' id='word_1_153' title='bbox 206 1702 294 1757; x_wconf 92' lang='lat' dir='ltr'><strong>minus</strong></span> <span class='ocrx_word' id='word_1_154' title='bbox 311 1701 384 1774; x_wconf 87' lang='lat' dir='ltr'><strong>quod</strong></span> <span class='ocrx_word' id='word_1_155' title='bbox 400 1719 433 1758; x_wconf 80' lang='lat' dir='ltr'><strong>ea</strong></span> <span class='ocrx_word' id='word_1_156' title='bbox 448 1719 479 1759; x_wconf 90' lang='lat' dir='ltr'><strong>ea</strong></span> <span class='ocrx_word' id='word_1_157' title='bbox 501 1703 637 1774; x_wconf 89' lang='lat' dir='ltr'><strong>nascitur,</strong></span> <span class='ocrx_word' id='word_1_158' title='bbox 663 1703 691 1756; x_wconf 90' lang='lat' dir='ltr'><strong>iu</strong></span> <span class='ocrx_word' id='word_1_159' title='bbox 711 1709 848 1776; x_wconf 91' lang='lat' dir='ltr'><strong>potestate</strong></span> <span class='ocrx_word' id='word_1_160' title='bbox 870 1709 915 1757; x_wconf 92' lang='lat' dir='ltr'><strong>tua</strong></span> <span class='ocrx_word' id='word_1_161' title='bbox 936 1703 1070 1758; x_wconf 90' lang='lat' dir='ltr'><strong>nascitur:</strong></span> 
     </span>
     <span class='ocr_line' id='line_1_19' title="bbox 104 1783 1071 1862; baseline 0.003 -23"><span class='ocrx_word' id='word_1_162' title='bbox 104 1783 180 1858; x_wconf 90' lang='lat' dir='ltr'><strong>quod</strong></span> <span class='ocrx_word' id='word_1_163' title='bbox 195 1786 218 1840; x_wconf 90' lang='lat' dir='ltr'><strong>si</strong></span> <span class='ocrx_word' id='word_1_164' title='bbox 233 1793 297 1858; x_wconf 89' lang='lat' dir='ltr'><strong>post</strong></span> <span class='ocrx_word' id='word_1_165' title='bbox 312 1788 550 1861; x_wconf 88' lang='lat' dir='ltr'><strong>emancipationem</strong></span> <span class='ocrx_word' id='word_1_166' title='bbox 565 1787 608 1842; x_wconf 87' lang='lat' dir='ltr'><strong>vel</strong></span> <span class='ocrx_word' id='word_1_167' title='bbox 623 1786 797 1860; x_wconf 87' lang='lat' dir='ltr'><strong>adoptionem</strong></span> <span class='ocrx_word' id='word_1_168' title='bbox 805 1787 888 1844; x_wconf 90' lang='lat' dir='ltr'><strong>luerit</strong></span> <span class='ocrx_word' id='word_1_169' title='bbox 898 1795 1071 1862; x_wconf 90' lang='lat' dir='ltr'><strong>conceptum,</strong></span> 
     </span>
     <span class='ocr_line' id='line_1_20' title="bbox 102 1863 1124 1945; baseline 0.002 -21"><span class='ocrx_word' id='word_1_170' title='bbox 102 1871 189 1942; x_wconf 92' lang='lat' dir='ltr'><strong>patris</strong></span> <span class='ocrx_word' id='word_1_171' title='bbox 209 1871 251 1924; x_wconf 90' lang='lat' dir='ltr'><strong>sni</strong></span> <span class='ocrx_word' id='word_1_172' title='bbox 272 1863 431 1945; x_wconf 84' lang='lat' dir='ltr'><strong>emancipati</strong></span> <span class='ocrx_word' id='word_1_173' title='bbox 451 1871 493 1928; x_wconf 92' lang='lat' dir='ltr'><strong>vel</strong></span> <span class='ocrx_word' id='word_1_174' title='bbox 514 1873 555 1927; x_wconf 90' lang='lat' dir='ltr'><strong>avi</strong></span> <span class='ocrx_word' id='word_1_175' title='bbox 577 1871 695 1945; x_wconf 87' lang='lat' dir='ltr'><strong>adoptivi</strong></span> <span class='ocrx_word' id='word_1_176' title='bbox 715 1873 846 1945; x_wconf 89' lang='lat' dir='ltr'><strong>potestati</strong></span> <span class='ocrx_word' id='word_1_177' title='bbox 866 1871 1013 1928; x_wconf 89' lang='lat' dir='ltr'><strong>subicitur:</strong></span> <span class='ocrx_word' id='word_1_178' title='bbox 1045 1881 1073 1926; x_wconf 91' lang='lat' dir='ltr'><strong>et</strong></span> <span class='ocrx_word' id='word_1_179' title='bbox 1092 1877 1124 1926; x_wconf 91' lang='lat'><strong>10</strong></span> 
     </span>
     <span class='ocr_line' id='line_1_21' title="bbox 103 1953 1073 2030; baseline 0.002 -22"><span class='ocrx_word' id='word_1_180' title='bbox 103 1953 180 2028; x_wconf 90' lang='lat' dir='ltr'><strong>quod</strong></span> <span class='ocrx_word' id='word_1_181' title='bbox 199 1971 289 2028; x_wconf 89' lang='lat' dir='ltr'><strong>neque</strong></span> <span class='ocrx_word' id='word_1_182' title='bbox 309 1955 444 2012; x_wconf 88' lang='lat' dir='ltr'><strong>naturales</strong></span> <span class='ocrx_word' id='word_1_183' title='bbox 464 1955 542 2013; x_wconf 90' lang='lat' dir='ltr'><strong>liberi</strong></span> <span class='ocrx_word' id='word_1_184' title='bbox 561 1973 651 2030; x_wconf 89' lang='lat' dir='ltr'><strong>neque</strong></span> <span class='ocrx_word' id='word_1_185' title='bbox 670 1955 789 2030; x_wconf 90' lang='lat' dir='ltr'><strong>adoptivi</strong></span> <span class='ocrx_word' id='word_1_186' title='bbox 808 1957 864 2012; x_wconf 93' lang='lat' dir='ltr'><strong>ullo</strong></span> <span class='ocrx_word' id='word_1_187' title='bbox 885 1973 970 2030; x_wconf 89' lang='lat' dir='ltr'><strong>paene</strong></span> <span class='ocrx_word' id='word_1_188' title='bbox 992 1954 1073 2012; x_wconf 92' lang='lat' dir='ltr'><strong>modo</strong></span> 
     </span>
     <span class='ocr_line' id='line_1_22' title="bbox 104 2040 985 2114; baseline 0.001 -20"><span class='ocrx_word' id='word_1_189' title='bbox 104 2047 224 2111; x_wconf 88' lang='lat' dir='ltr'><strong>possunt</strong></span> <span class='ocrx_word' id='word_1_190' title='bbox 240 2055 340 2114; x_wconf 78' lang='lat' dir='ltr'><strong>cogere</strong></span> <span class='ocrx_word' id='word_1_191' title='bbox 353 2049 493 2114; x_wconf 87' lang='lat' dir='ltr'><strong>parentem</strong></span> <span class='ocrx_word' id='word_1_192' title='bbox 509 2040 542 2096; x_wconf 89' lang='lat' dir='ltr'><strong>de</strong></span> <span class='ocrx_word' id='word_1_193' title='bbox 558 2048 695 2114; x_wconf 91' lang='lat' dir='ltr'><strong>potestate</strong></span> <span class='ocrx_word' id='word_1_194' title='bbox 711 2057 760 2094; x_wconf 88' lang='lat' dir='ltr'><strong>sua</strong></span> <span class='ocrx_word' id='word_1_195' title='bbox 775 2057 822 2096; x_wconf 92' lang='lat' dir='ltr'><strong>eos</strong></span> <span class='ocrx_word' id='word_1_196' title='bbox 839 2041 985 2096; x_wconf 88' lang='lat' dir='ltr'><strong>dimittere.</strong></span> 
     </span>
    </p>
   </div>
   <div class='ocr_carea' id='block_1_3' title="bbox 470 2281 714 2458">
    <p class='ocr_par' dir='ltr' id='par_1_4' title="bbox 470 2281 714 2458">
     <span class='ocr_line' id='line_1_23' title="bbox 520 2281 659 2344; baseline 0 0"><span class='ocrx_word' id='word_1_197' title='bbox 520 2281 577 2344; x_wconf 76' lang='lat' dir='ltr'><strong>ard.</strong></span> <span class='ocrx_word' id='word_1_198' title='bbox 591 2303 659 2344; x_wconf 85' lang='lat' dir='ltr'><strong>xm</strong></span> 
     </span>
     <span class='ocr_line' id='line_1_24' title="bbox 470 2405 714 2458; baseline -0.004 -1"><span class='ocrx_word' id='word_1_199' title='bbox 470 2408 520 2458; x_wconf 85' lang='lat' dir='ltr'><strong>DE</strong></span> <span class='ocrx_word' id='word_1_200' title='bbox 539 2405 714 2457; x_wconf 48' lang='grc' dir='ltr'><strong>ΤΠΤΕΙΛΙΕ.Ι</strong></span> 
     </span>
    </p>
   </div>
   <div class='ocr_carea' id='block_1_4' title="bbox 102 2537 1123 3126">
    <p class='ocr_par' dir='ltr' id='par_1_5' title="bbox 102 2537 1123 3126">
     <span class='ocr_line' id='line_1_25' title="bbox 169 2537 1123 2618; baseline 0.004 -18"><span class='ocrx_word' id='word_1_201' title='bbox 169 2537 367 2602; x_wconf 82' lang='lat' dir='ltr'><strong>³Transeamus</strong></span> <span class='ocrx_word' id='word_1_202' title='bbox 383 2563 456 2602; x_wconf 90' lang='lat' dir='ltr'><strong>nunc</strong></span> <span class='ocrx_word' id='word_1_203' title='bbox 476 2546 509 2602; x_wconf 92' lang='lat' dir='ltr'><strong>ad</strong></span> <span class='ocrx_word' id='word_1_204' title='bbox 530 2545 608 2603; x_wconf 90' lang='lat' dir='ltr'><strong>aliam</strong></span> <span class='ocrx_word' id='word_1_205' title='bbox 629 2546 797 2602; x_wconf 90' lang='lat' dir='ltr'><strong>divisionem.</strong></span> <span class='ocrx_word' id='word_1_206' title='bbox 828 2563 889 2602; x_wconf 92' lang='lat' dir='ltr'><strong>nam</strong></span> <span class='ocrx_word' id='word_1_207' title='bbox 905 2563 937 2601; x_wconf 81' lang='lat' dir='ltr'><strong>ex</strong></span> <span class='ocrx_word' id='word_1_208' title='bbox 952 2545 994 2602; x_wconf 92' lang='lat' dir='ltr'><strong>his</strong></span> <span class='ocrx_word' id='word_1_209' title='bbox 1010 2561 1071 2618; x_wconf 92' lang='lat' dir='ltr'><strong>per·</strong></span> <span class='ocrx_word' id='word_1_210' title='bbox 1088 2566 1123 2606; x_wconf 72' lang='lat' dir='ltr'><strong>er.</strong></span> 
     </span>
     <span class='ocr_line' id='line_1_26' title="bbox 103 2629 1073 2705; baseline 0 -21"><span class='ocrx_word' id='word_1_211' title='bbox 103 2631 196 2702; x_wconf 86' lang='lat' dir='ltr'><strong>sonis,</strong></span> <span class='ocrx_word' id='word_1_212' title='bbox 219 2645 288 2704; x_wconf 90' lang='lat' dir='ltr'><strong>quae</strong></span> <span class='ocrx_word' id='word_1_213' title='bbox 302 2631 330 2686; x_wconf 91' lang='lat' dir='ltr'><strong>in</strong></span> <span class='ocrx_word' id='word_1_214' title='bbox 344 2638 480 2704; x_wconf 86' lang='lat' dir='ltr'><strong>potestate</strong></span> <span class='ocrx_word' id='word_1_215' title='bbox 495 2647 551 2686; x_wconf 88' lang='lat' dir='ltr'><strong>non</strong></span> <span class='ocrx_word' id='word_1_216' title='bbox 566 2639 645 2703; x_wconf 83' lang='lat' dir='ltr'><strong>sunt,</strong></span> <span class='ocrx_word' id='word_1_217' title='bbox 663 2631 792 2705; x_wconf 91' lang='lat' dir='ltr'><strong>quaedam</strong></span> <span class='ocrx_word' id='word_1_218' title='bbox 807 2630 850 2686; x_wconf 94' lang='lat' dir='ltr'><strong>vel</strong></span> <span class='ocrx_word' id='word_1_219' title='bbox 865 2631 893 2684; x_wconf 91' lang='lat' dir='ltr'><strong>in</strong></span> <span class='ocrx_word' id='word_1_220' title='bbox 908 2629 994 2685; x_wconf 88' lang='lat' dir='ltr'><strong>tutela</strong></span> <span class='ocrx_word' id='word_1_221' title='bbox 1009 2638 1073 2684; x_wconf 90' lang='lat' dir='ltr'><strong>sunt</strong></span> 
     </span>
     <span class='ocr_line' id='line_1_27' title="bbox 103 2712 1072 2788; baseline 0 -20"><span class='ocrx_word' id='word_1_222' title='bbox 103 2715 146 2770; x_wconf 91' lang='lat' dir='ltr'><strong>vel</strong></span> <span class='ocrx_word' id='word_1_223' title='bbox 168 2715 372 2785; x_wconf 89' lang='lat' dir='ltr'><strong>incuratione,</strong></span> <span class='ocrx_word' id='word_1_224' title='bbox 400 2715 528 2788; x_wconf 89' lang='lat' dir='ltr'><strong>quaedam</strong></span> <span class='ocrx_word' id='word_1_225' title='bbox 551 2723 650 2771; x_wconf 90' lang='lat' dir='ltr'><strong>neutro</strong></span> <span class='ocrx_word' id='word_1_226' title='bbox 675 2717 735 2771; x_wconf 89' lang='lat' dir='ltr'><strong>iure</strong></span> <span class='ocrx_word' id='word_1_227' title='bbox 756 2721 894 2770; x_wconf 87' lang='lat' dir='ltr'><strong>tenentur.</strong></span> <span class='ocrx_word' id='word_1_228' title='bbox 935 2712 1072 2768; x_wconf 88' lang='lat' dir='ltr'><strong>videamus</strong></span> 
     </span>
     <span class='ocr_line' id='line_1_28' title="bbox 103 2798 1073 2872; baseline -0.002 -19"><span class='ocrx_word' id='word_1_229' title='bbox 103 2799 189 2872; x_wconf 83' lang='lat' dir='ltr'><strong>igitur</strong></span> <span class='ocrx_word' id='word_1_230' title='bbox 211 2798 245 2854; x_wconf 93' lang='lat' dir='ltr'><strong>de</strong></span> <span class='ocrx_word' id='word_1_231' title='bbox 260 2799 318 2870; x_wconf 85' lang='lat' dir='ltr'><strong>his,</strong></span> <span class='ocrx_word' id='word_1_232' title='bbox 341 2800 457 2872; x_wconf 90' lang='lat' dir='ltr'><strong>quaein</strong></span> <span class='ocrx_word' id='word_1_233' title='bbox 478 2799 564 2855; x_wconf 91' lang='lat' dir='ltr'><strong>tutela</strong></span> <span class='ocrx_word' id='word_1_234' title='bbox 584 2799 626 2856; x_wconf 87' lang='lat' dir='ltr'><strong>vel</strong></span> <span class='ocrx_word' id='word_1_235' title='bbox 647 2801 830 2863; x_wconf 88' lang='lat' dir='ltr'><strong>incuratione</strong></span> <span class='ocrx_word' id='word_1_236' title='bbox 845 2805 923 2853; x_wconf 89' lang='lat' dir='ltr'><strong>sunt:</strong></span> <span class='ocrx_word' id='word_1_237' title='bbox 943 2798 980 2852; x_wconf 91' lang='lat' dir='ltr'><strong>ita</strong></span> <span class='ocrx_word' id='word_1_238' title='bbox 1001 2798 1073 2852; x_wconf 88' lang='lat' dir='ltr'><strong>enim</strong></span> 
     </span>
     <span class='ocr_line' id='line_1_29' title="bbox 102 2882 1074 2957; baseline 0.002 -21"><span class='ocrx_word' id='word_1_239' title='bbox 102 2882 297 2956; x_wconf 78' lang='lat' dir='ltr'><strong>intellegemus</strong></span> <span class='ocrx_word' id='word_1_240' title='bbox 313 2891 416 2938; x_wconf 88' lang='lat' dir='ltr'><strong>ceteras</strong></span> <span class='ocrx_word' id='word_1_241' title='bbox 431 2899 576 2956; x_wconf 90' lang='lat' dir='ltr'><strong>personas,</strong></span> <span class='ocrx_word' id='word_1_242' title='bbox 599 2901 666 2957; x_wconf 88' lang='lat' dir='ltr'><strong>quae</strong></span> <span class='ocrx_word' id='word_1_243' title='bbox 686 2892 783 2938; x_wconf 89' lang='lat' dir='ltr'><strong>neutro</strong></span> <span class='ocrx_word' id='word_1_244' title='bbox 799 2884 858 2938; x_wconf 88' lang='lat' dir='ltr'><strong>iure</strong></span> <span class='ocrx_word' id='word_1_245' title='bbox 874 2889 1012 2938; x_wconf 87' lang='lat' dir='ltr'><strong>tenentur.</strong></span> <span class='ocrx_word' id='word_1_246' title='bbox 1043 2898 1074 2938; x_wconf 90' lang='lat' dir='ltr'><strong>ac</strong></span> 
     </span>
     <span class='ocr_line' id='line_1_30' title="bbox 103 2961 1106 3042; baseline 0.001 -21"><span class='ocrx_word' id='word_1_247' title='bbox 103 2968 179 3039; x_wconf 89' lang='lat' dir='ltr'><strong>prius</strong></span> <span class='ocrx_word' id='word_1_248' title='bbox 203 2967 374 3042; x_wconf 88' lang='lat' dir='ltr'><strong>dispiciamus</strong></span> <span class='ocrx_word' id='word_1_249' title='bbox 396 2967 430 3023; x_wconf 90' lang='lat' dir='ltr'><strong>de</strong></span> <span class='ocrx_word' id='word_1_250' title='bbox 451 2968 509 3038; x_wconf 93' lang='lat' dir='ltr'><strong>hls,</strong></span> <span class='ocrx_word' id='word_1_251' title='bbox 535 2985 603 3042; x_wconf 89' lang='lat' dir='ltr'><strong>quae</strong></span> <span class='ocrx_word' id='word_1_252' title='bbox 625 2969 653 3022; x_wconf 86' lang='lat' dir='ltr'><strong>in</strong></span> <span class='ocrx_word' id='word_1_253' title='bbox 674 2967 853 3023; x_wconf 77' lang='lat' dir='ltr'><strong>tutelerunt.</strong></span> <span class='ocrx_word' id='word_1_254' title='bbox 895 2961 962 3022; x_wconf 78' lang='lat' dir='ltr'><strong>⁴Est</strong></span> <span class='ocrx_word' id='word_1_255' title='bbox 983 2973 1073 3022; x_wconf 89' lang='lat' dir='ltr'><strong>autem</strong></span> <span class='ocrx_word' id='word_1_256' title='bbox 1093 2983 1106 3028; x_wconf 87' lang='lat'>1</span> 
     </span>
     <span class='ocr_line' id='line_1_31' title="bbox 104 3049 1074 3126; baseline 0.002 -22"><span class='ocrx_word' id='word_1_257' title='bbox 104 3051 208 3123; x_wconf 88' lang='lat' dir='ltr'><strong>tutela,</strong></span> <span class='ocrx_word' id='word_1_258' title='bbox 223 3059 255 3107; x_wconf 93' lang='lat' dir='ltr'><strong>ut</strong></span> <span class='ocrx_word' id='word_1_259' title='bbox 270 3051 379 3108; x_wconf 91' lang='lat' dir='ltr'><strong>Servius</strong></span> <span class='ocrx_word' id='word_1_260' title='bbox 395 3049 532 3124; x_wconf 89' lang='lat' dir='ltr'><strong>delinivit,</strong></span> <span class='ocrx_word' id='word_1_261' title='bbox 553 3054 595 3108; x_wconf 91' lang='lat' dir='ltr'><strong>ius</strong></span> <span class='ocrx_word' id='word_1_262' title='bbox 611 3068 642 3108; x_wconf 89' lang='lat' dir='ltr'><strong>ac</strong></span> <span class='ocrx_word' id='word_1_263' title='bbox 656 3059 778 3125; x_wconf 88' lang='lat' dir='ltr'><strong>potestas</strong></span> <span class='ocrx_word' id='word_1_264' title='bbox 792 3052 821 3107; x_wconf 90' lang='lat' dir='ltr'><strong>in</strong></span> <span class='ocrx_word' id='word_1_265' title='bbox 836 3052 923 3126; x_wconf 88' lang='lat' dir='ltr'><strong>capite</strong></span> <span class='ocrx_word' id='word_1_266' title='bbox 932 3051 1024 3107; x_wconf 89' lang='lat' dir='ltr'><strong>libero</strong></span> <span class='ocrx_word' id='word_1_267' title='bbox 1040 3049 1074 3106; x_wconf 90' lang='lat' dir='ltr'><strong>ad</strong></span> 
     </span>
    </p>
   </div>
   <div class='ocr_carea' id='block_1_5' title="bbox 104 3280 1073 3538">
    <p class='ocr_par' dir='ltr' id='par_1_6' title="bbox 104 3280 1073 3538">
     <span class='ocr_line' id='line_1_32' title="bbox 174 3280 1071 3350; baseline -0.002 -15"><span class='ocrx_word' id='word_1_268' title='bbox 174 3283 194 3347; x_wconf 84' lang='lat'><strong>¹)</strong></span> <span class='ocrx_word' id='word_1_269' title='bbox 212 3305 246 3325; x_wconf 93' lang='lat'>=</span> <span class='ocrx_word' id='word_1_270' title='bbox 260 3284 316 3335; x_wconf 80' lang='lat' dir='ltr'><strong>Gai.</strong></span> <span class='ocrx_word' id='word_1_271' title='bbox 338 3286 360 3342; x_wconf 88' lang='lat'><strong>1,</strong></span> <span class='ocrx_word' id='word_1_272' title='bbox 381 3286 430 3336; x_wconf 87' lang='grc'><strong>133</strong></span> <span class='ocrx_word' id='word_1_273' title='bbox 447 3291 514 3334; x_wconf 57' lang='lat' dir='ltr'><strong>rest„</strong></span> <span class='ocrx_word' id='word_1_274' title='bbox 528 3285 561 3334; x_wconf 88' lang='lat' dir='ltr'><strong>L.</strong></span> <span class='ocrx_word' id='word_1_275' title='bbox 580 3284 621 3334; x_wconf 74' lang='lat'><strong>28.</strong></span> <span class='ocrx_word' id='word_1_276' title='bbox 640 3285 674 3338; x_wconf 87' lang='lat' dir='ltr'><strong>D.</strong></span> <span class='ocrx_word' id='word_1_277' title='bbox 694 3286 726 3336; x_wconf 87' lang='lat' dir='ltr'><strong>de</strong></span> <span class='ocrx_word' id='word_1_278' title='bbox 744 3285 832 3346; x_wconf 84' lang='lat' dir='ltr'><strong>adopt.</strong></span> <span class='ocrx_word' id='word_1_279' title='bbox 851 3284 884 3348; x_wconf 91' lang='lat'><strong>(1,</strong></span> <span class='ocrx_word' id='word_1_280' title='bbox 904 3280 939 3350; x_wconf 81' lang='lat' dir='ltr'><strong>t).</strong></span> <span class='ocrx_word' id='word_1_281' title='bbox 1066 3321 1071 3333; x_wconf 90' lang='lat'>.</span> 
     </span>
     <span class='ocr_line' id='line_1_33' title="bbox 105 3349 981 3416; baseline 0.002 -16"><span class='ocrx_word' id='word_1_282' title='bbox 105 3352 146 3402; x_wconf 88' lang='grc'><strong>10.</strong></span> <span class='ocrx_word' id='word_1_283' title='bbox 166 3353 208 3401; x_wconf 89' lang='grc'><strong>11.</strong></span> <span class='ocrx_word' id='word_1_284' title='bbox 230 3351 256 3403; x_wconf 87' lang='lat' dir='ltr'><strong>C.</strong></span> <span class='ocrx_word' id='word_1_285' title='bbox 277 3354 309 3402; x_wconf 86' lang='lat' dir='ltr'><strong>de</strong></span> <span class='ocrx_word' id='word_1_286' title='bbox 326 3353 416 3416; x_wconf 87' lang='lat' dir='ltr'><strong>adopt.</strong></span> <span class='ocrx_word' id='word_1_287' title='bbox 441 3349 544 3416; x_wconf 86' lang='grc'><strong>(8.48).</strong></span> <span class='ocrx_word' id='word_1_288' title='bbox 630 3350 652 3413; x_wconf 80' lang='lat'><strong>⁸)</strong></span> <span class='ocrx_word' id='word_1_289' title='bbox 669 3351 772 3403; x_wconf 78' lang='lat' dir='ltr'><strong>=oat</strong></span> <span class='ocrx_word' id='word_1_290' title='bbox 793 3355 820 3409; x_wconf 88' lang='grc'><strong>1,</strong></span> <span class='ocrx_word' id='word_1_291' title='bbox 841 3353 898 3402; x_wconf 80' lang='lat'>142.</span> <span class='ocrx_word' id='word_1_292' title='bbox 923 3352 981 3402; x_wconf 81' lang='grc'><strong>143.</strong></span> 
     </span>
     <span class='ocr_line' id='line_1_34' title="bbox 104 3414 1073 3538; baseline -0.003 -70"><span class='ocrx_word' id='word_1_293' title='bbox 104 3419 199 3538; x_wconf 47' lang='grc' dir='ltr'><strong>ἐξ.ρὲ</strong></span> <span class='ocrx_word' id='word_1_294' title='bbox 211 3421 235 3470; x_wconf 76' lang='lat'><strong>2.</strong></span> <span class='ocrx_word' id='word_1_295' title='bbox 247 3439 281 3460; x_wconf 93' lang='lat'>=</span> <span class='ocrx_word' id='word_1_296' title='bbox 293 3421 327 3468; x_wconf 89' lang='lat' dir='ltr'><strong>L.</strong></span> <span class='ocrx_word' id='word_1_297' title='bbox 347 3421 370 3469; x_wconf 90' lang='lat'><strong>1.</strong></span> <span class='ocrx_word' id='word_1_298' title='bbox 386 3435 431 3484; x_wconf 83' lang='lat' dir='ltr'><strong>pr.</strong></span> <span class='ocrx_word' id='word_1_299' title='bbox 451 3419 474 3480; x_wconf 65' lang='grc' dir='ltr'><strong>ἓ.</strong></span> <span class='ocrx_word' id='word_1_300' title='bbox 496 3423 519 3470; x_wconf 92' lang='grc'><strong>1.</strong></span> <span class='ocrx_word' id='word_1_301' title='bbox 538 3421 571 3470; x_wconf 87' lang='lat' dir='ltr'><strong>D.</strong></span> <span class='ocrx_word' id='word_1_302' title='bbox 592 3421 624 3469; x_wconf 87' lang='lat' dir='ltr'><strong>de</strong></span> <span class='ocrx_word' id='word_1_303' title='bbox 642 3421 711 3470; x_wconf 84' lang='lat' dir='ltr'><strong>tutet.</strong></span> <span class='ocrx_word' id='word_1_304' title='bbox 732 3414 783 3482; x_wconf 81' lang='grc'>(26,</span> <span class='ocrx_word' id='word_1_305' title='bbox 804 3416 829 3479; x_wconf 84' lang='lat'><strong>1)</strong></span> <span class='ocrx_word' id='word_1_306' title='bbox 847 3433 883 3467; x_wconf 83' lang='lat' dir='ltr'><strong>eae</strong></span> <span class='ocrx_word' id='word_1_307' title='bbox 900 3417 986 3466; x_wconf 81' lang='lat' dir='ltr'><strong>Paulli</strong></span> <span class='ocrx_word' id='word_1_308' title='bbox 1002 3418 1019 3464; x_wconf 85' lang='lat' dir='ltr'><strong>l.</strong></span> <span class='ocrx_word' id='word_1_309' title='bbox 1039 3415 1073 3466; x_wconf 81' lang='lat'><strong>38</strong></span> 
     </span>
    </p>
   </div>
   <div class='ocr_carea' id='block_1_6' title="bbox 0 0 1246 3916">
    <p class='ocr_par' dir='ltr' id='par_1_7' title="bbox 0 0 1246 3916">
     <span class='ocr_line' id='line_1_35' title="bbox 0 0 1246 3916; baseline 0 0"><span class='ocrx_word' id='word_1_310' title='bbox 0 0 1246 3916; x_wconf 95' lang='lat' dir='ltr'><strong> </strong></span> 
     </span>
    </p>
   </div>
  </div>
 </body>
</html>
