2486 3916
120 570 178 643 IN
204 567 407 643 NOMINE
435 567 627 643 DOMINI
650 565 840 642 NOSTRI
865 567 989 645 IESU

452 685 662 762 CHRISTI

93 836 275 880 latumano
288 836 407 878 CAESAR
420 836 553 879 uuAvms
579 836 777 880 msamuuus
791 836 1013 882 Anameumcus

92 905 246 948 coamens
275 904 446 946 FRANUIOUS
474 903 672 946 summamus
700 905 832 947 ANTIOUS
860 905 1014 950 uomens

94 972 292 1016 vertumnus
309 971 483 1014 AFRICANUS
497 973 564 1014 Pms
578 973 674 1014 uum
686 972 837 1014 monitans
850 973 961 1016 VICTOR
974 975 1013 1016 AO

296 1039 517 1081 TRIUMPHATOR
531 1039 651 1082 SEMPER
664 1038 823 1082 AUGUSTUS

332 1106 464 1148 coeman
477 1106 585 1148 LEGUM
598 1107 776 1148 mvuuuuun

134 1215 337 1291 Imperatoriam
352 1215 518 1271 maiestatem
534 1231 589 1272 nou
605 1215 695 1271 solum
710 1216 789 1272 armis
805 1215 972 1280 decoratam,
988 1217 1036 1275 sed
1054 1232 1089 1274 er.

21 1299 23 1330 ³
69 1303 152 1358 etiam
174 1299 281 1376 legibus
303 1306 413 1374 oportet
429 1315 488 1356 esse
509 1307 652 1371 armatam,
674 1307 705 1355 ut
725 1307 872 1374 utrumque
890 1309 996 1376 tempus
1013 1312 1040 1359 et

72 1385 209 1441 bellorum
224 1393 252 1442 et
266 1387 338 1460 pacis
360 1392 433 1440 recte
455 1385 544 1458 possit
559 1383 706 1458 gubernari
721 1391 749 1440 et
763 1385 888 1458 princeps
903 1384 1039 1444 Romanus

74 1471 162 1526 vietor
177 1470 272 1526 existat
294 1486 350 1526 non
371 1467 460 1524 solum
481 1469 509 1524 iu
524 1466 669 1524 hostilibus
685 1468 812 1542 proeliis,
833 1469 881 1524 sed
897 1472 976 1528 etiam
991 1489 1041 1544 per

22 1617 23 1622 Ι
73 1553 210 1628 legitimos
225 1555 346 1610 tramites
362 1552 580 1609 calumniantium
596 1553 753 1626 iniquitates
775 1553 929 1628 expellens,
950 1563 978 1610 et
994 1554 1039 1611 liat

75 1647 127 1694 tarn
143 1640 210 1694 iuris
225 1639 448 1713 religiosissimus
464 1654 545 1711 quam
559 1639 636 1694 victis
652 1635 776 1693 hostibus
793 1639 982 1714 triumphator.

138 1721 258 1790 Quorum
276 1731 417 1796 utramque
429 1724 496 1780 viam
512 1739 573 1778 cum
584 1723 696 1778 summis
708 1722 808 1796 vigiliis
824 1730 852 1778 et
861 1740 965 1780 summa
976 1741 1040 1799 pro·
1060 1717 1072 1764 ¹

74 1807 190 1864 videntia
205 1807 339 1864 adnnente
354 1807 408 1863 Deo
429 1807 600 1882 perfecimus.
632 1815 660 1862 et
675 1806 785 1863 bellicos
802 1807 910 1881 quidem
926 1809 1040 1865 sudores

23 1892 27 1989 Ι
72 1901 183 1949 nostros
199 1892 350 1949 barbaricae
366 1901 463 1968 gentes
479 1891 529 1948 sub
544 1894 607 1966 iuga
619 1899 712 1947 nostra
724 1891 854 1948 deductae
869 1903 1041 1968 cognoscunt

24 2000 27 2069 Ι
72 1985 99 2032 et
120 1985 175 2034 tam
197 1977 285 2034 Africa
304 1994 384 2051 quam
411 1976 503 2034 aliae
497 1993 685 2034 innumerosae
711 1977 864 2074 provinciae
883 1986 948 2051 post
969 1986 1040 2036 teuta

24 2084 28 2171 Ι
74 2071 228 2136 temporum
249 2063 335 2136 spatio
355 2063 457 2120 uostris
478 2063 597 2117 victoriis
619 2060 758 2117 araelesti
780 2061 889 2116 numine
904 2065 1040 2134 praestitis

24 2132 172 2202 iterum
192 2146 293 2203 dicioni
313 2145 447 2202 Romanae
467 2153 617 2220 nostroque
639 2144 766 2201 additae
758 2146 871 2218 imperio
886 2154 1041 2217 protestan-

25 2232 29 2301 ’,
75 2240 126 2288 tur
160 2248 255 2288 omues
276 2248 340 2288 vero
361 2230 456 2306 populi
476 2229 612 2304 legibus
604 2246 686 2285 rama
708 2227 785 2284 nobis
802 2228 843 2284 vel
859 2231 1039 2304 promulgatis

26 2330 29 2359 ι
73 2316 113 2371 vel
135 2318 297 2391 compositis
316 2323 461 2392 reguntur.
493 2314 602 2372 Etcum
621 2315 814 2370 sacratissimas
830 2315 1040 2372 constitutiones
1057 2318 1073 2366 2

27 2470 28 2476 Ι
73 2407 150 2456 antea
177 2401 304 2458 confusas
330 2403 358 2457 in
381 2400 546 2458 luculentam
578 2401 710 2456 ereximus
735 2400 952 2464 consonantiam,
975 2409 1040 2458 tuuc

27 2477 28 2532 i
73 2493 195 2540 nostram
215 2486 384 2542 extendimus
406 2501 497 2542 euram
517 2494 545 2541 et
565 2485 597 2541 ad
618 2486 749 2540 immensa
768 2483 926 2558 prudentiae
941 2488 1040 2542 veteris

28 2602 29 2636 Ι
73 2570 209 2626 volumina
231 2579 259 2627 et
281 2587 350 2644 opus
371 2569 558 2644 desperatum,
580 2570 658 2644 quasi
678 2586 728 2642 per
743 2567 860 2624 medium
875 2569 1039 2642 profundum

28 2657 29 2682 ³
73 2662 186 2726 euntes,
207 2655 319 2712 caelesti
336 2656 428 2722 lavore
450 2655 501 2710 iam
523 2653 735 2727 adimplevimus.
771 2652 892 2726 Cumque
913 2655 966 2709 hoc
985 2655 1039 2711 lieo
1058 2661 1074 2707 3

73 2739 192 2813 propitio
207 2750 347 2814 peractum
363 2748 420 2811 est,
437 2738 615 2810 Tribouiano‚
631 2738 689 2792 viro
702 2734 854 2812 magnifico,
867 2739 997 2812 magistro
1014 2747 1042 2795 et

72 2839 105 2877 es
118 2831 263 2897 quaestore
277 2825 346 2880 sacri
357 2824 448 2898 palatii
459 2825 554 2886 nostri,
566 2840 617 2879 nec
627 2839 682 2878 uon
693 2821 846 2896 Theophila
859 2821 1041 2895 etliorotbeo,

31 2971 32 2976 Ι
74 2909 136 2964 viris
151 2907 321 2981 illustribus,
337 2908 571 2981 antecessoribus,
588 2924 704 2982 quorum
722 2907 841 2963 omnium
852 2907 1001 2964 sollertiam
1015 2919 1042 2966 et

31 2987 33 3032 ἶ
74 2991 165 3066 legum
181 2995 322 3050 scientiam
338 3002 367 3050 et
382 2996 452 3050 circa
466 3003 574 3050 nostras
589 2993 724 3049 iussiones
740 2989 819 3048 fidem
835 2993 887 3063 iam
902 3009 935 3048 ex
950 2993 1041 3050 multis

73 3093 164 3132 rerum
186 3081 353 3152 argumentis
375 3080 541 3154 accepimus,
564 3079 719 3134 convocatis
742 3077 895 3152 specialiter
909 3078 1041 3134 mandavi·

33 3149 34 3186 ³
74 3179 149 3234 mus,
172 3171 202 3218 ut
223 3171 318 3218 nostra
339 3165 499 3220 auctoritate
520 3163 676 3238 nostrisque
692 3161 862 3218 suasionibus
879 3173 1042 3236 componant

34 3248 35 3258 ¹
73 3248 276 3326 institutiones
292 3256 323 3304 ut
337 3249 417 3306 liceat
432 3247 508 3305 vobis
524 3250 608 3322 prima
623 3249 716 3322 legum
732 3247 863 3304 cunabula
877 3265 933 3304 uon
949 3245 980 3302 ab
996 3265 1041 3302 an·

36 3321 156 3404 tiquis
173 3330 269 3388 fabulis
286 3333 406 3405 discere,
428 3334 477 3390 sed
497 3333 529 3390 ab
543 3333 675 3408 imperiali
695 3333 841 3406 splendore
855 3342 998 3407 appetere,
1015 3340 1043 3388 et

75 3423 127 3470 tam
142 3433 221 3472 aures
238 3434 317 3497 quam
332 3421 435 3474 animae
449 3427 555 3474 vestrae
570 3418 637 3474 nihil
652 3419 748 3473 inutile
762 3417 884 3490 nihilque
899 3432 1040 3490 perperam

77 3501 210 3572 positum,
227 3502 274 3557 sed
287 3503 379 3576 quod
372 3520 399 3559 m
414 3505 480 3578 ipsis
497 3519 587 3559 rerum
601 3504 706 3576 optinet
718 3503 895 3575 argumentis,
911 3501 1042 3572 accipiant

39 3603 40 3607 ¹
108 3613 269 3650 tvsrrulaut
288 3616 516 3653 Iusuiuvumuus.
869 3603 885 3656 Ῑ
