2464 3916
320 189 468 227 uncorum
485 189 598 226 assurt
615 189 685 226 essu
702 189 822 226 orcam
838 175 887 236 IV,
903 178 931 225 Ἰ.
1043 172 1103 236 181

135 330 288 387 introducta
302 341 345 388 ert
357 333 429 388 actio
442 332 477 388 de
496 333 604 406 pemiio
623 331 712 406 deque
726 347 777 401 eo,
798 331 872 405 qnod
886 333 915 388 in
929 347 987 387 reor
1002 329 1106 388 domui

135 431 242 471 versum
256 417 322 488 erit,
335 425 390 488 ut,
410 419 532 491 qunvk
551 419 611 473 sine
625 416 766 472 voluntate
780 415 883 473 dotnini
897 417 1041 490 negotium
1057 433 1105 490 ge·

135 507 207 556 stum
221 501 847 576 crit‚tantensivequidinremeiusrersun
863 500 1104 572 iuuit,idtotuun

133 585 397 658 praestaredeiteat‚
415 586 790 660 mquidnonsitinrcnu
805 586 863 641 eius
878 585 1045 657 vet'suur‚id
1060 601 1105 641 ea·

135 677 214 724 tenus
228 679 363 744 praestre
387 670 501 742 debeat,
525 679 662 746 quaem
687 669 825 744 pecudium
847 671 962 743 patitur.
999 669 1030 726 [n
1043 681 1139 728 rent·

133 759 223 809 autern
238 754 341 811 domini
354 771 462 812 versum
482 756 669 830 intellegitur,
688 753 821 829 quidquid
835 756 989 810 noeassario
1002 756 1032 811 in
1046 771 1105 810 reon

134 839 191 894 eius
206 839 367 912 impenderit
391 857 503 912 servus,
529 841 615 896 veluti
636 842 659 896 si
673 846 815 895 mutuatus
829 840 972 913 pecuniam
986 839 1104 896 credito·

132 921 207 978 ribus
222 925 281 978 eius
295 919 441 995 solverit‚¹
458 935 505 980 aut
520 923 640 982 aedificia
659 926 768 980 ruentia
782 924 907 996 fulserit,
928 932 976 980 aut
989 921 1104 980 ondin

133 1006 297 1063 trumentum
311 1011 423 1079 canuit,
446 1009 490 1065 vet
504 1011 585 1065 etiarn
599 1009 715 1066 tondum
730 1018 777 1064 aut
791 1007 940 1083 quamlibet
955 1007 1033 1064 sliam
1046 1021 1103 1063 rem

132 1093 308 1148 necessariam
322 1103 456 1149 ineratus
470 1096 533 1150 erit.
573 1095 667 1168 itaque
691 1095 715 1150 si
735 1108 768 1150 ex
783 1093 877 1150 decenn
892 1101 988 1166 utputa
1002 1091 1140 1160 suceide*

133 1189 201 1249 quos
215 1192 310 1232 servus
326 1185 389 1233 tuus
411 1178 512 1234 a'iitio
532 1189 644 1235 mutuos
665 1179 785 1252 saepit,
806 1177 936 1233 creditori
958 1186 1006 1234 tuo
1026 1178 1105 1250 quin-

134 1276 185 1332 que
199 1275 296 1316 aureos
308 1262 440 1333 solverit,
455 1262 576 1336 reliquos
586 1281 653 1320 vero
668 1265 790 1337 quinque
805 1261 927 1335 quolibet
941 1261 1024 1318 modo
1039 1277 1105 1318 eon-

133 1347 296 1418 sumpserit,
310 1363 362 1420 pro
376 1349 498 1420 quinque
514 1348 624 1421 quidem
637 1347 795 1404 insolidum
810 1346 929 1402 damnari
943 1345 1038 1418 debes,
1053 1363 1104 1420 pro

131 1431 229 1484 ceteris
243 1445 309 1486 vcro
324 1433 445 1505 quinque
459 1441 572 1488 eatenus
581 1469 595 1503 ‚-
611 1441 745 1506 quatem
759 1433 788 1488 in
802 1431 911 1506 peculio
925 1431 977 1486 sit:
1000 1447 1034 1486 en
1048 1447 1105 1505 quo

129 1511 235 1570 scilicet
248 1525 375 1588 apparet,
396 1518 420 1572 si
435 1517 486 1572 toti
501 1516 594 1573 decem
609 1517 685 1573 uurei
699 1518 728 1572 in
742 1530 800 1572 retn
816 1524 890 1570 tuum
904 1516 976 1571 versi
990 1514 1105 1586 fuerim,

129 1604 206 1653 totos
220 1598 313 1655 decern
328 1615 426 1656 aureos
442 1601 543 1657 Titium
557 1603 690 1675 consequi
702 1615 797 1675 posse.
827 1599 892 1656 licet
906 1601 979 1656 enim
993 1613 1047 1655 una
1061 1610 1106 1656 est

128 1683 216 1754 actio,
237 1699 290 1756 qua
304 1684 339 1740 de
352 1685 461 1759 peculio
476 1685 565 1760 deque
580 1703 631 1758 eo,
652 1685 727 1759 quod
738 1687 776 1741 in
790 1693 848 1741 rem
869 1684 972 1740 domini
985 1699 1105 1741 ,versum

126 1767 179 1836 sit,
201 1769 307 1842 agitur,
323 1778 412 1825 tannen
427 1769 494 1825 duas
509 1769 591 1828 babet
605 1770 855 1827 condemnationes.
900 1771 992 1843 itaque
1012 1769 1104 1840 iudex,

127 1845 199 1925 apud
213 1868 293 1926 quem
309 1869 341 1909 ea
355 1846 480 1911 actione²
494 1857 602 1929 agitur,
618 1863 681 1912 ante
695 1855 830 1929 dispicere
845 1854 933 1926 solet,
954 1855 1032 1910 auin
1046 1871 1104 1910 reru

127 1933 229 1992 domini
242 1953 350 1994 versum
365 1939 416 2010 sit,
437 1953 489 1994 nec
503 1939 582 1994 aliter
596 1939 630 1995 ad
648 1939 749 2013 peculii
764 1940 980 1994 aestimationem
993 1939 1104 2006 nonsit,

127 2021 245 2093 quamsi
267 2031 314 2077 aut
328 2023 396 2078 nihi-i
409 2025 438 2078 iu
457 2037 515 2078 ren
538 2023 640 2078 donini
659 2036 768 2078 versun
788 2023 965 2096 intellegatur
985 2030 1102 2077 autnon

127 2111 226 2160 toturn.
262 2105 329 2162 Cum
348 2115 439 2162 autem
456 2108 617 2180 quaeritur,
640 2113 770 2180 quantum
791 2107 820 2160 in
834 2105 942 2178 peculio
964 2106 1015 2174 sit,
1036 2113 1137 2167 antece

126 2187 286 2261 deducitur,
302 2189 435 2264 quidquid
449 2205 545 2246 servus
560 2191 672 2247 donnino
687 2190 767 2264 quive
782 2191 810 2246 in
820 2195 964 2262 potestate
979 2190 1038 2244 eius
1054 2190 1101 2260 sit,

126 2271 222 2344 dehet,
237 2282 266 2330 et
280 2275 355 2348 quod
368 2281 512 2350 superest,
532 2275 562 2330 id
577 2275 668 2332 sotum
677 2273 820 2348 'peculium
834 2271 1014 2347 inteiiegitur.
1053 2272 1101 2328 uli-

126 2357 235 2430 qu'a'ndo
251 2360 398 2431 tamid,
420 2359 494 2434 quod
515 2361 540 2415 ei
555 2359 636 2416 debet
656 2373 770 2430 servus,
791 2359 838 2432 qui
859 2359 886 2413 iu
901 2364 1038 2431 potestate
1053 2355 1102 2413 do-

124 2442 191 2497 mini
205 2443 258 2513 sit,
273 2459 329 2499 non
342 2444 490 2500 deducitur
504 2461 537 2500 en
552 2444 677 2519 peculio,
698 2443 782 2500 veluti
797 2445 821 2499 si
835 2444 859 2499 is
874 2443 902 2498 iu
920 2443 1000 2499 huius
1012 2443 1101 2517 ipsius

124 2525 232 2598 peculio
248 2528 294 2584 sit.
324 2527 398 2602 qnod
413 2531 599 2603 eo=pertinet‚
619 2537 666 2600 ut,
687 2529 711 2584 si
733 2527 799 2602 quid
818 2529 918 2584 vicario
939 2541 990 2583 suo
1005 2538 1101 2583 servus

125 2609 231 2682 debeat,
247 2611 275 2666 id
290 2628 322 2667 ex
337 2613 445 2686 peculio
461 2615 519 2669 cius
535 2629 591 2670 non
606 2613 764 2670 deducnur.

189 2687 332 2752 ³Geteruu1
347 2695 459 2752 dubmnr
474 2702 531 2753 non
546 2706 604 2768 est,
627 2699 730 2772 quinis
747 2698 874 2771 quoque,
901 2696 948 2770 qui
960 2697 1038 2750 iussu
1053 2695 1102 2751 do·
1121 2703 1137 2753 5

124 2779 190 2834 mini
205 2778 371 2836 contraxerit
386 2783 485 2854 cuique
499 2783 636 2837 institoria
652 2781 694 2838 vei
706 2781 867 2838 exercitoria
877 2780 947 2835 aetio
960 2781 1101 2853 competit,

124 2861 158 2918 de
172 2864 280 2937 peculio
295 2864 384 2939 deque
400 2879 449 2936 eo,
471 2865 545 2938 quod
560 2867 589 2921 in
609 2880 666 2922 rem
685 2865 790 2922 domini
812 2878 920 2921 versum
941 2872 999 2935 est,
1020 2879 1102 2938 agere

72 2957 73 2962 ’
96 2940 98 2945 ’
122 2949 225 3021 possit:
251 2949 298 3004 sed
315 2951 366 3005 erit
381 2948 577 3022 stultissimus,
603 2951 627 3006 si
643 2951 743 3006 omissa
758 2951 883 3020 actione,
910 2959 964 3023 qua
979 2949 1104 3006 facillime

122 3032 240 3088 solidum
256 3049 289 3088 ex
304 3042 448 3100 contractu
462 3035 596 3107 consequi
617 3035 722 3107 possit5
745 3049 775 3090 se
790 3033 823 3090 'ad
838 3031 1027 3090 difficultatem
1041 3049 1104 3107 per-

122 3116 203 3172 ducat
218 3117 361 3190 probandi,
376 3119 403 3173 in
418 3117 476 3172 rem
490 3117 592 3173 domini
609 3131 717 3174 versum
734 3133 806 3190 esse,
821 3118 864 3175 vel
881 3117 980 3174 hebere
995 3130 1104 3173 servum

191 3329 211 3397 ¹)
231 3333 290 3384 eius
308 3322 424 3382 soirerit
440 3331 467 3380 B
480 3319 600 3396 'Theopd
619 3347 681 3382 eam
701 3347 723 3387 s.
749 3332 821 3382 W¹E
840 3333 906 3383 eius
924 3347 986 3382 eem
1005 3345 1026 3381 s.
1051 3331 1104 3382 Wb

121 3401 163 3452 ed.
182 3399 257 3451 Scor.
326 3397 348 3466 ²)
366 3401 437 3450 multi
453 3401 528 3450 codd.
546 3399 624 3462 inser.
643 3397 676 3449 de
696 3415 732 3450 eo
751 3400 863 3450 actione
885 3401 960 3450 codd.
979 3407 1031 3454 oet.
1042 3401 1101 3451 edd.

121 3467 197 3522 Scir.
214 3473 241 3518 et
257 3468 308 3522 Kr.
379 3466 399 3530 3)
418 3467 458 3528 ἐξ.
477 3469 501 3520 d.
520 3468 550 3517 ὅ·
567 3467 625 3531 fere
643 3487 677 3508 =
697 3467 754 3518 Gai.
775 3469 801 3526 4,
821 3468 862 3517 ⁷4.
