2484 3916
380 191 416 227 nn
435 191 510 227 neon
530 190 666 228 rancmm
684 177 720 240 11,
739 180 780 228 22.
1024 178 1064 242 91

96 333 153 387 ‘uti
174 331 288 408 legassit
302 349 367 389 suae
382 334 437 404 rei,
458 335 495 390 ita
515 335 558 388 ius
574 332 677 406 esto'):
698 335 848 404 visumest
870 335 939 392 harro
954 335 1062 410 legendi

93 417 229 472 licentiam
245 424 382 488 coartare,
404 415 486 491 idque
507 419 628 492 ipsorum
648 426 811 474 testatorum
826 420 912 494 gratia
926 421 1064 493 provisum

94 507 136 556 est
152 499 187 556 ob
202 499 240 571 id,
257 500 331 574 quod
345 501 505 575 plerumque
519 503 641 558 intestati
657 502 856 574 moriebantur,
872 503 1065 563 recusantibus

93 585 202 658 seriptis
219 584 363 649 heredibus
374 601 425 660 pro
436 586 512 642 nullo
528 595 574 642 ant
589 587 699 643 minimo
715 586 792 642 lucro
805 587 970 644 hereditates
981 589 1063 644 adire.

93 676 198 726 etcum
214 685 298 742 super
312 669 365 725 hoc
380 678 433 726 tam
449 670 493 726 len
507 669 586 726 Furia
602 687 681 745 quam
702 671 745 728 lex
761 670 880 728 Voconia
900 673 970 728 latae
990 681 1064 744 sunt,

93 769 207 826 quarum
230 761 325 809 neutra
346 751 484 810 sufficiens
511 755 543 809 ad
570 756 610 812 rei
630 757 889 812 consummationem
912 756 1065 812 videbatur:

93 837 241 894 novissime
261 839 314 894 lata
335 847 377 894 est
398 838 440 894 lex
462 837 592 910 Falcidia,
614 856 667 913 qua
688 848 813 910 cavetur,
837 857 871 895 ne
891 839 952 914 plus
974 841 1066 916 legare

92 923 184 994 liceat,
200 939 279 996 quam
295 921 454 978 dodrantem
471 931 591 981 totorum
606 923 751 994 bonorum,
766 923 794 979 id
810 931 852 980 est
867 933 908 994 ut,
923 927 979 980 sive
995 942 1065 980 unus

95 1007 176 1062 heres
192 1007 335 1063 institutus
351 1016 423 1062 esset
439 1009 495 1064 sive
509 1007 618 1082 plures,
635 1007 705 1082 apud
721 1025 782 1064 eum
798 1024 879 1064 eosve
893 1025 955 1082 pars
972 1018 1066 1082 quarta

91 1097 255 1146 remaneret.
291 1089 324 1146 tr
344 1107 405 1146 cum
426 1094 576 1166 quaesitum
599 1101 687 1162 esset,
709 1092 815 1148 duobus
830 1092 975 1150 heredibus
989 1095 1099 1151 insti-1

92 1177 177 1247 tutis,
199 1175 283 1231 veluti
305 1175 376 1232 Titio
398 1183 425 1232 et
440 1175 518 1248 Seio,
540 1178 563 1232 si
579 1178 642 1233 Titii
662 1194 724 1252 pars
745 1185 791 1234 aut
812 1185 871 1234 tota
885 1178 1016 1234 exhausta
1031 1180 1067 1234 sit

93 1260 209 1334 legatis,
232 1277 300 1334 quae
321 1261 477 1318 nominatim
498 1261 531 1317 ab
551 1278 584 1318 eo
606 1262 667 1318 data
686 1269 766 1334 sunt,
787 1270 833 1318 aut
853 1279 934 1336 supra
957 1263 1067 1318 niodum

94 1352 216 1414 onerata,
233 1343 322 1400 aSeio
338 1362 401 1402 vero
418 1353 463 1400 ant
478 1345 553 1402 nulla
567 1346 661 1402 relicta
675 1348 730 1402 sint
745 1347 844 1420 legata,
860 1354 906 1402 aut
922 1363 991 1420 quae
1006 1364 1066 1421 par·

96 1437 152 1484 tem
173 1429 229 1484 eius
251 1428 388 1486 dumtaxat
407 1431 435 1486 in
455 1437 558 1502 partem
583 1430 716 1486 dimidiam
732 1432 873 1500 minuunt,
895 1448 944 1501 an,
966 1434 1027 1504 quia
1043 1433 1065 1486 is

94 1524 218 1587 quartam
233 1521 337 1588 partem
347 1515 432 1570 totius
446 1513 605 1570 hereditatis
621 1521 667 1569 aut
682 1515 796 1588 amplius
806 1514 896 1585 habet,
913 1515 983 1570 'litio
999 1515 1066 1570 nihil

93 1615 126 1653 ex
149 1597 263 1673 legatis,
288 1615 356 1672 quae
378 1597 409 1652 ab
426 1615 458 1654 eo
480 1598 574 1654 relicta
594 1607 676 1670 sunt,
698 1599 816 1654 retinere
831 1599 939 1654 liceret:
954 1599 1065 1672 placuit,

93 1691 123 1738 ut
141 1689 264 1756 quartam
279 1690 383 1756 partem
399 1699 463 1738 suae
478 1684 563 1756 partis
579 1682 679 1738 salvam
694 1682 800 1754 habeat,
816 1700 898 1756 posse
913 1675 1065 1739 retinerez¹

92 1768 195 1823 etenim
211 1767 239 1821 in
254 1766 370 1840 singulis
385 1766 530 1822 heredibus
546 1769 614 1823 ratio
635 1767 704 1842 legis
720 1766 852 1823 Falcidiae
873 1767 998 1840 ponenda
1014 1777 1064 1824 est.

92 1845 255 1919 ²Quantitas
271 1859 361 1906 autem
375 1852 541 1924 patrimonii,
558 1851 590 1906 ad
607 1869 685 1925 quam
701 1853 770 1907 ratio
784 1852 854 1926 legis
862 1851 993 1908 Falcidiae
1006 1852 1066 1908 red·
1085 1855 1100 1902 2

92 1938 199 2011 igitur,
220 1937 315 1990 mortis
338 1943 460 2009 tempore
487 1943 634 2008 spectatur.
684 1937 776 2010 itaque
797 1937 820 1992 si
841 1935 914 1992 verbi
931 1939 1017 2011 gratia
1032 1939 1066 2008 is,

91 2023 141 2096 qui
164 2027 272 2076 centum
299 2035 444 2076 aureorum
468 2021 657 2093 patrimonium
685 2019 812 2090 habehat,
839 2025 947 2075 centum
969 2038 1067 2077 aureos

91 2105 241 2180 legaverit,
263 2104 329 2160 nihil
348 2104 484 2178 legatariis
500 2103 628 2178 prodest,
651 2106 674 2159 si
695 2111 756 2160 ante
777 2104 874 2160 aditam
889 2104 1067 2160 hereditatem

91 2207 144 2264 per
161 2205 254 2244 servos
275 2188 452 2244 hereditarios
468 2196 514 2244 aut
531 2205 564 2244 ex
579 2196 658 2262 partu
673 2187 829 2244 ancillarum
843 2186 1067 2244 hereditariarum

91 2283 141 2330 aut
158 2289 191 2328 ex
206 2273 264 2329 letu
283 2289 411 2347 pecorum
433 2280 536 2329 tantum
558 2265 701 2329 accesserit
722 2271 879 2344 hereditati,
896 2279 942 2343 ut,
958 2280 1068 2328 centum

92 2359 186 2414 aureis
202 2357 355 2432 legatorum
370 2359 481 2414 nomine
497 2359 626 2432 erogatis,
642 2357 722 2412 heres
735 2365 857 2430 quartam
871 2365 975 2430 partem
990 2357 1068 2436 here-

92 2443 190 2499 ditatis
211 2441 351 2498 habiturus
372 2443 423 2513 sit,
444 2442 492 2497 sed
508 2458 619 2498 necesse
635 2447 692 2514 est,
712 2449 741 2496 ut
762 2441 846 2496 nihilo
868 2443 956 2498 minus
973 2450 1068 2515 quarta

93 2544 160 2602 pars
175 2526 271 2601 legatis
288 2526 454 2582 detrahatur.
486 2543 518 2581 ei
533 2526 641 2582 diverso
662 2527 685 2582 si
705 2526 878 2600 septuaginta
894 2529 1015 2600 quinque
1030 2527 1068 2582 le·

93 2612 202 2686 gaverit
217 2619 245 2668 et
260 2620 321 2668 ante
336 2610 433 2666 aditam
449 2611 626 2666 hereditatem
647 2612 674 2666 in
697 2617 799 2666 tantum
815 2610 983 2666 decreverint
998 2610 1069 2666 bona

92 2695 226 2751 incendiis
242 2695 313 2752 forte
328 2703 374 2750 aut
389 2695 536 2770 naufragiis
552 2704 598 2751 aut
614 2702 702 2752 morte
716 2711 871 2766 servorum,
892 2702 923 2750 ut
942 2711 999 2750 non
1014 2711 1069 2750 am·

92 2780 169 2854 plius
186 2796 265 2853 quam
280 2781 452 2854 septuaginta
468 2781 586 2854 quinque
601 2796 746 2836 aureorum
761 2778 911 2834 substantia
931 2778 973 2834 vel
989 2780 1068 2834 etiam

168 2995 187 3062 ¹)
206 2997 313 3062 placuit
408 2997 530 3046 retinere
558 2996 660 3059 oea-ipat.
688 2994 795 3059 placuit
812 2994 1023 3046 ut...habeat
1042 3001 1070 3044 et

94 3064 204 3129 placuit
220 3080 303 3130 passe
322 3065 442 3115 retinere
462 3062 576 3113 GPEW
598 3065 691 3127 aliique
713 3067 745 3112 ut
834 3062 940 3114 habeut
962 3062 1070 3127 (cariseio

94 3132 204 3198 placuit
221 3141 247 3182 et
266 3137 294 3182 et
317 3131 424 3198 placuit
447 3146 529 3197 posse
548 3128 679 3192 retinere)
706 3129 732 3179 B
758 3131 798 3182 Iria
818 3133 939 3195 praefica
963 3131 1070 3196 placuit

95 3201 146 3249 atti
161 3201 237 3264 inser.
256 3203 296 3251 ed.
316 3201 390 3252 Sebr.
408 3199 514 3264 plecuit
531 3200 651 3248 retinere
669 3197 771 3260 licere,
790 3202 821 3247 ut
841 3197 1011 3250 ...hebeat
1029 3199 1070 3251 ed.

95 3267 151 3318 Kr.
170 3270 239 3334 qaod
249 3269 321 3324 dedi,
342 3269 378 3329 (in
396 3283 445 3333 quo
463 3273 558 3316 tantum
569 3272 671 3331 potest,
689 3273 716 3316 ut
733 3267 760 3315 in
772 3270 827 3316 loco
840 3268 980 3316 locationis
990 3281 1069 3329 prae-

96 3343 173 3385 terea
190 3334 303 3400 t(itium)
327 3341 386 3400 post
404 3335 508 3384 hebeat
524 3334 664 3396 exciderat)
683 3335 759 3383 etiam
774 3334 946 3398 Theophilim'a
963 3335 1071 3383 maxime

95 3406 222 3454 convenit.
290 3401 311 3466 ¹)
330 3424 364 3444 =
381 3404 413 3456 L.
425 3405 457 3453 73
474 3419 516 3467 pr.
537 3403 569 3455 D.
589 3404 624 3452 ad
641 3405 658 3455 l.
678 3401 749 3454 Falc.
769 3401 821 3466 (35,
840 3399 866 3462 2)
886 3416 920 3450 eac
939 3399 998 3450 Gaii
1008 3402 1023 3450 l.
1038 3402 1070 3451 18

95 3471 137 3519 ad
153 3473 191 3521 ed.
207 3487 282 3536 proc.
299 3479 358 3520 mot.
1004 3472 1009 3485 '
