2464 3916
210 233 245 266 ou
265 225 422 268 noceamus:
441 231 476 266 nr
496 232 692 270 counucrrouu
711 217 761 276 Ill,
779 219 812 268 24
831 217 895 282 (25).
981 216 1041 279 143

81 391 133 432 esse
160 375 320 430 locationem
342 383 369 430 et
389 373 613 446 conductionem,
640 373 687 430 sed
711 376 852 448 proprium
876 390 963 448 genus
984 390 1043 430 esse

80 467 239 537 contractus.
253 495 257 505 ι
279 453 380 514 ¹veluti
395 459 432 530 si,
449 476 509 515 cunr
527 475 608 515 unum
626 460 686 532 quis
700 457 797 514 bovem
812 457 924 514 baberet
939 467 966 514 et
981 460 1043 514 vici·

80 561 124 600 uus
142 545 199 602 eius
217 559 316 614 unum,
330 543 462 617 placuerit
476 545 548 600 iuter
562 560 626 615 eos,
648 552 678 598 ut
693 559 742 616 per
757 541 842 598 deuos
858 542 914 598 dies
930 544 1043 598 invicem

78 627 155 684 boves
177 627 395 700 commodarent,
423 636 452 683 ut
473 645 541 701 opus
562 627 697 698 lacerent,
718 634 745 684 et
766 625 837 701 apud
858 627 971 683 alterum
993 627 1042 684 hos

78 715 166 786 periit:
196 726 284 786 neque
305 711 386 768 locuti
407 712 449 768 vel
472 712 599 770 conducti
621 728 709 786 neque
731 711 892 768 commodati
913 713 1043 785 competit

79 799 157 869 actio,
183 798 314 870 quianon
336 795 387 852 iuit
402 799 550 872 gratuitum
565 797 779 868 commodatum,
800 811 893 851 verum
913 797 1043 870 praeseri·

78 885 126 956 ptis
142 881 230 938 verbis
246 871 379 956 agendum
395 889 446 949 est.
491 877 586 938 '²Adeo
602 889 690 938 autem
706 881 912 937 familiaritatem
928 880 1042 953 aliquam
1061 889 1076 936 3
1168 899 1171 906 ·

16 985 18 1034 j
79 969 144 1022 iuter
164 982 194 1022 se
216 965 312 1022 habere
336 965 462 1022 videntur
484 969 585 1040 emptio
606 975 634 1022 et
654 966 790 1036 venditio,
815 967 881 1022 item
902 965 1000 1020 locatio
1016 971 1044 1020 et

16 1091 17 1094 ,
79 1049 229 1122 conductio,
244 1058 275 1106 ut
289 1052 317 1106 iu
333 1049 491 1124 quibusdam
506 1057 593 1108 causis
609 1053 701 1126 quaeri
716 1051 819 1120 soleat,
835 1056 925 1105 utrum
942 1049 1043 1123 emptio

80 1144 103 1192 et
121 1135 240 1192 venditio
261 1136 455 1207 contrahatur,
476 1152 509 1192 au
530 1135 630 1192 locatio
646 1143 673 1192 et
687 1135 843 1192 conductio.
881 1142 911 1190 ut
926 1151 989 1190 ecoe
1010 1133 1044 1188 de

16 1241 18 1276 ῑ
80 1219 205 1294 praediis,
227 1234 294 1294 quae
315 1229 449 1294 perpetuo
471 1219 631 1294 quibusdam
649 1220 762 1276 fruenda
778 1219 938 1291 traduntur,
958 1217 1044 1274 idest

17 1301 18 1338 ³
83 1313 125 1376 ut,
150 1305 273 1378 quamdiu
299 1306 394 1378 pensio
414 1307 471 1361 sive
490 1305 594 1362 reditus
615 1323 665 1378 pro
686 1306 727 1362 his
748 1304 857 1360 domiuo
878 1310 1043 1378 praestetur,

16 1379 18 1404 ¹
81 1405 164 1462 neque
184 1390 234 1462 ipsi
250 1389 411 1446 conductori
432 1406 520 1463 neque
537 1389 628 1446 heredi
644 1391 718 1460 eius,
739 1390 816 1446 cuive
831 1389 983 1444 conductor
996 1388 1043 1442 he·

79 1489 151 1529 resve
166 1475 223 1529 eius
245 1473 272 1529 id
292 1473 431 1547 praedium
447 1474 597 1530 vendiderit
618 1482 665 1529 aut
680 1473 821 1530 donaverit
841 1481 887 1528 aut
902 1472 973 1528 dotis
994 1489 1043 1526 uo·

78 1559 144 1614 mine
159 1557 265 1614 dederit
281 1557 365 1614 aliove
381 1576 435 1632 quo
451 1559 532 1615 modo
549 1559 720 1628 alienaverit,
740 1557 846 1613 auferre
861 1557 949 1614 liceat.
995 1555 1043 1610 scd

78 1643 134 1698 talis
150 1650 306 1700 contractus
329 1644 391 1716 quia
411 1645 482 1699 inter
496 1652 603 1700 veteres
624 1641 796 1698 dubitabatur
811 1650 838 1698 et
854 1659 868 1696 a
884 1639 1043 1715 quibusdam

78 1727 190 1799 locati0,
210 1744 225 1782 a
245 1727 403 1802 quibusdam
423 1727 543 1784 venditio
565 1727 778 1784 existimabatur:
809 1727 852 1783 len
873 1717 1044 1782 Zenoniana3

16 1845 18 1890 3
78 1812 126 1868 lata
140 1821 198 1884 est,
219 1829 288 1886 quae
302 1813 511 1886 emphyteuseos
526 1813 677 1870 contractui
698 1813 834 1886 propriam
855 1811 950 1867 statuit
965 1817 1043 1866 natu·
1126 1808 1132 1819 '

16 1903 18 1972 j
78 1914 129 1952 ram
150 1895 292 1971 nequead
313 1897 474 1954 locutionem
494 1896 636 1971 nequead
658 1897 838 1954 venditionem
860 1895 1043 1965 inclinantem,

16 1975 17 2044 J
78 1982 122 2037 sed
137 1984 193 2038 suis
214 1981 382 2056 pactionibus
403 1982 580 2054 ltdcieudam,
604 1989 631 2037 et
653 1983 676 2037 si
696 1981 804 2054 quidem
820 1980 920 2052 aliquid
935 1989 1042 2052 pactum

16 2079 17 2088 ¹
78 2066 171 2138 luerit,
193 2067 244 2123 hoc
264 2067 300 2122 ita
321 2069 460 2140 optinere,
480 2085 510 2123 ae
531 2068 554 2122 si
574 2073 670 2121 natura
691 2059 769 2121 talis4
790 2072 863 2120 esset
878 2071 1043 2132 contractus,

78 2152 116 2206 sin
134 2160 224 2208 autem
243 2151 311 2208 nibil
332 2151 365 2208 de
380 2152 500 2225 periculo
516 2152 556 2207 rei
570 2150 653 2206 luerit
670 2158 794 2224 pactum,
817 2158 883 2204 tunc
897 2149 919 2202 si
935 2145 1043 2220 quidem

16 2283 17 2288 ,
78 2237 159 2292 totius
180 2238 219 2292 rei
240 2238 364 2292 interitus
380 2229 560 2308 accesserit,⁵
580 2235 612 2290 ad
628 2234 765 2290 domiuum
780 2249 863 2307 super
878 2233 930 2288 boe
945 2229 1044 2286 redun-

80 2320 138 2376 dare
158 2321 324 2395 periculum,
346 2323 387 2376 siu
408 2321 593 2396 particularis,
614 2319 646 2374 ad
662 2318 932 2392 emphyteuticarium
950 2317 1044 2372 huius·

79 2404 148 2461 modi
163 2406 287 2461 damnum
303 2407 403 2462 venire.
449 2421 503 2480 quo
519 2407 578 2461 iure
594 2406 703 2462 utimur.
749 2397 834 2460 6ltem
850 2403 1005 2476 quaeritur,
1020 2401 1043 2455 si
1060 2409 1077 2456 4

80 2506 137 2546 cum
152 2489 261 2546 aurifice
275 2490 346 2546 Titio
362 2491 534 2563 convenerit,
556 2498 587 2546 ut
601 2491 624 2546 is
640 2506 673 2545 ex
688 2505 753 2546 auro
768 2505 819 2544 suo
835 2488 903 2545 certi
917 2485 1043 2562 ponderis

79 2583 220 2650 certaeque
241 2575 343 2631 formae
363 2576 459 2632 anulos
480 2577 505 2632 ei
527 2575 628 2632 laceret
649 2569 832 2648 et'aceiperet
859 2571 933 2628 verbi
959 2571 1044 2645 gratia

78 2674 172 2715 aureos
188 2661 295 2732 decem,
311 2668 404 2716 utrum
419 2661 519 2734 emptio
536 2668 563 2716 et
578 2657 697 2716 venditio
713 2659 837 2715 contrahi
852 2657 989 2726 videatur,
1010 2671 1043 2709 an

76 2741 174 2800 locatio
190 2754 217 2801 et
232 2744 396 2802 conductio?
412 2753 439 2802 et
455 2737 580 2801 Cassius⁷
597 2746 647 2814 ait,
664 2745 791 2800 materiae
807 2741 914 2816 quidem
930 2739 1043 2813 emptio·

78 2843 139 2883 nem
162 2830 398 2904 venditionemque
424 2831 562 2902 contrahi,
590 2845 688 2902 operae
714 2837 804 2885 autem
829 2827 990 2884 locationem
1018 2829 1045 2878 et

81 2912 294 2972 conductionem·
345 2915 393 2970 sed
413 2915 530 2988 placuit,
555 2922 659 2970 tantum
681 2915 845 2987 emptionem
865 2919 892 2968 et
913 2909 1045 2966 venditio-

146 3175 165 3244 ¹)
182 3181 239 3243 fere
257 3201 291 3222 =
309 3182 341 3230 L.
361 3183 400 3232 17.
428 3183 451 3244 5.
471 3184 495 3233 3.
520 3182 552 3230 D.
580 3181 612 3230 dc
638 3194 756 3244 praescr.
784 3179 853 3247 verb.
873 3175 937 3240 ’(19,
957 3175 982 3239 5)
1009 3191 1044 3225 ex

85 3243 137 3310 Uip.
156 3251 171 3296 1.
189 3249 222 3298 28
241 3251 277 3298 ad
298 3251 338 3300 ed.
425 3249 445 3312 ²)
526 3249 623 3299 heredi
650 3247 709 3297 eius
734 3247 793 3310 sere
811 3267 844 3287 =
865 3245 920 3296 Gai.
940 3248 964 3304 3,
986 3244 1042 3294 146.

82 3307 101 3376 ³)
118 3315 149 3364 L.
168 3317 191 3367 t.
211 3316 237 3366 0.
257 3318 290 3366 cle
308 3318 324 3366 i.
344 3317 452 3382 empdpt.
478 3314 517 3383 (4,
537 3311 591 3382 66).
677 3311 699 3380 ⁴)
718 3331 753 3366 em
779 3315 884 3364 Ferrcti
909 3315 943 3375 ej.
971 3327 1045 3376 qoam

82 3384 207 3444 coufirmat
228 3383 339 3448 Tdeopd.
369 3385 506 3434 naturalis
524 3385 598 3434 codd.
618 3386 678 3434 edd.
696 3380 770 3436 Scdr.
790 3389 815 3431 et
833 3379 884 3429 Kc.
954 3377 975 3444 5)
993 3394 1044 3428 ser.

81 3449 175 3500 videtur
196 3452 329 3502 acciderit
354 3448 473 3518 γένηται
495 3443 596 3516 φθορά
622 3449 733 3515 Tdeopd.
820 3445 842 3512 ⁶)
860 3449 917 3510 fere
935 3467 968 3488 =
989 3445 1044 3498 Gai.

82 3517 102 3576 3,
121 3520 177 3570 147.
245 3519 267 3585 7)
291 3519 313 3568 Τ
332 3519 442 3584 Tbeopd.
463 3524 490 3569 et
508 3536 553 3570 om.
575 3518 599 3568 B
620 3519 675 3568 Gai.
