2484 3916
155 250 192 286 nu
211 249 457 288 excusarroumus
476 251 610 288 aurosum
628 253 682 288 vsu
701 253 873 292 cornuorum
882 241 904 304 Ι,
918 243 960 293 25.
1021 243 1061 307 31

159 389 304 448 Sciendum
320 400 409 448 autem
425 401 478 464 est,
494 410 550 450 non
566 393 655 450 solum
675 401 781 452 tutores
802 397 844 452 vel
860 406 998 454 curatores
1013 415 1062 474 pu·
1080 413 1096 460 2

91 474 169 550 pillis
185 482 214 530 et
228 475 327 532 adultis
347 479 499 552 ceterisque
520 480 644 551 personis
665 495 697 534 er
718 479 948 538 administratione
965 487 1061 556 teneri,

91 559 240 615 sedetiam
259 561 288 615 in
308 576 371 632 eos,
393 563 439 634 qni
462 557 682 620 satisdationem¹
705 566 854 638 accipiunt,
876 566 1061 624 subsidiariam

90 645 228 700 actionem
250 660 325 716 esse,
353 661 420 720 quae
440 647 564 702 ultimum
592 649 630 702 eis
652 648 815 721 praesidium
842 653 929 724 possit
955 643 1059 708 allerre.

90 727 253 784 subsidiaria
269 735 359 784 autem
374 731 443 786 actio
465 731 588 787 daturin
603 747 666 803 eos,
689 734 735 804 qui
749 732 793 788 vel
808 736 918 792 omniuo
933 753 948 792 a
963 739 1061 793 tutori·

89 811 143 868 bus
165 811 208 868 vel
228 812 397 869 curatoribus
418 814 541 870 satisdari
561 832 617 872 uon
637 817 805 889 curaverint,
827 826 874 874 aut
894 835 949 876 uon
963 821 1061 878 idonee

90 898 167 970 passi
183 904 275 952 essent
290 899 387 954 caveri.
420 915 489 972 quae
505 899 614 972 quidem
636 907 689 956 tam
711 917 743 956 es
757 899 933 974 prudentium
948 920 1061 978 respon-

90 983 130 1036 sis
147 997 228 1054 quam
243 997 276 1036 es
291 982 533 1040 constitutionibus
548 983 730 1057 imperialibus
751 987 821 1040 etin
836 987 950 1043 heredes
966 1004 1061 1044 eorum

90 1065 257 1121 extenditur.
275 1064 376 1134 Quibus
389 1067 630 1124 constitutionibus
646 1078 674 1124 et
688 1068 755 1125 illud
767 1072 935 1144 exprimitur,
952 1079 992 1144 ut,
1008 1074 1060 1130 nisi
1079 1088 1094 1135 3

90 1157 205 1206 caveant
220 1157 326 1207 tutores
348 1151 390 1207 vel
411 1160 565 1224 curatores,
586 1153 747 1228 pignoribus
768 1157 853 1229 captis
874 1165 1059 1216 coerceantur.

89 1234 187 1308 Neque
206 1242 295 1291 autem
315 1236 466 1309 praelectus
496 1237 569 1292 urbis
595 1254 685 1311 neque
710 1247 821 1312 praetor
841 1257 930 1314 neque
951 1258 1059 1316 praeses
1078 1257 1094 1304 4

91 1319 248 1392 provinciae
269 1336 358 1394 neque
380 1324 440 1395 quis
462 1321 546 1393 alius,
573 1324 617 1378 cui
638 1330 744 1378 tutores
765 1323 844 1380 dandi
868 1327 910 1380 'rus
932 1335 989 1397 est,
1010 1327 1060 1382 hac

91 1405 200 1460 actione
216 1403 364 1462 tenebitur:
385 1405 433 1462 sed
454 1405 482 1462 bi
503 1407 705 1478 tantummodo,
727 1409 773 1480 qui
788 1408 991 1465 satisdationem
1006 1413 1060 1466 esi-

90 1505 158 1562 gere
174 1488 274 1544 solent.

504 1719 560 1761 utu.
574 1721 646 1762 XXV.

107 1838 159 1888 DE
177 1837 494 1890 EXOUSATIONIBUS
513 1840 695 1893 TUTORUM
712 1842 785 1892 VEL
805 1841 1042 1896 CURATORUM.
1103 1917 1106 1924 Ι

155 1993 325 2052 Excusantnr
345 2003 433 2052 autern
455 2004 561 2052 tutores
581 1997 624 2052 vel
644 2005 783 2054 curatores
803 2001 882 2054 variis
902 2017 935 2056 ex
949 1997 1110 2064 'causisnra

89 2080 254 2154 plerumque
274 2069 364 2136 aulem
384 2089 497 2155 propter
516 2081 632 2153 liberos,
653 2083 709 2136 sive
730 2083 759 2136 in
778 2091 916 2154 potestate
931 2085 986 2138 sint
1002 2087 1059 2140 sive

90 2165 262 2238 emancipati.
292 2166 400 2222 sienim
415 2173 470 2222 tres
483 2164 584 2222 liberos
596 2167 656 2239 quis
671 2167 834 2240 superstites
849 2165 948 2222 Romae
964 2167 1060 2222 habeat

89 2249 133 2304 vel
148 2250 177 2304 in
196 2247 272 2304 ltalia
292 2258 422 2324 quattuor
441 2249 485 2306 vel
505 2252 532 2306 iu
552 2251 696 2324 provinciis
719 2251 855 2324 quinque,
877 2267 891 2306 a
911 2250 997 2306 tutela
1017 2251 1060 2308 vel

89 2350 155 2390 curu
169 2340 287 2407 possunt
309 2337 428 2392 excusari
450 2334 574 2408 exemplo
594 2342 747 2390 ceterorum
769 2351 926 2390 munerum:
948 2352 1009 2391 nam
1032 2344 1060 2392 et

89 2417 206 2474 tutelam
222 2427 249 2474 et
264 2420 355 2474 curam
375 2419 476 2492 placuit
494 2417 632 2493 publicum
653 2435 751 2474 munus
771 2435 840 2476 esse.
877 2419 925 2476 sed
941 2420 1060 2494 adoptivi

89 2501 170 2558 liberi
191 2519 247 2558 non
267 2511 399 2576 prosunt,
420 2504 448 2558 in
469 2503 643 2576 adoptionem
664 2511 754 2559 autem
775 2503 830 2559 dati
852 2506 967 2560 naturali
988 2507 1060 2578 patri

89 2595 219 2660 prosunt.
245 2588 313 2644 item
328 2594 442 2661 nepotes
455 2603 487 2642 ex
503 2585 558 2642 filio
569 2597 696 2661 prosunt,
712 2597 743 2644 ut
757 2589 785 2644 iu
799 2589 890 2646 locum
901 2591 986 2662 patris
998 2607 1059 2646 suc-

90 2671 202 2728 cedant:
219 2687 252 2728 er
266 2670 320 2728 filia
335 2688 390 2728 nou
404 2680 530 2745 prosunt.
561 2672 609 2727 lilii
624 2680 714 2729 autern
729 2675 890 2746 superstites
908 2680 1011 2728 tantum
1027 2673 1059 2728 ad

90 2756 194 2812 tutelae
209 2756 252 2812 vel
267 2773 346 2813 curae
362 2757 481 2812 muneris
497 2757 696 2812 excusationem
711 2766 841 2831 prosunt:
862 2757 982 2812 deluucti
1004 2773 1060 2812 non

5 2869 7 2874 v
88 2849 217 2914 prosunt.
248 2840 297 2896 sed
312 2842 334 2898 si
349 2843 377 2898 in
391 2840 464 2896 bello
476 2842 566 2897 amissi
581 2849 655 2913 suut,
667 2843 820 2915 quaesitum
830 2849 882 2912 est,
897 2857 930 2896 an
941 2843 1058 2915 prosint.

89 2933 116 2980 et
132 2933 252 2998 constat,
268 2941 315 2982 eos
331 2925 406 2982 solos
421 2926 563 3000 prodesse,
580 2927 626 3000 qui
640 2927 668 2981 in
679 2927 734 2982 acie
747 2927 921 2982 amittuntur:
937 2927 965 2982 bi
977 2928 1058 2998 enim,

90 3011 154 3084 quia
167 3027 220 3084 pro
241 3009 394 3084 republica
414 3009 585 3082 ceciderunt,
605 3012 809 3084 inperpetuum
825 3027 875 3084 per
890 3010 1004 3084 gloriam
1021 3013 1059 3066 vi·

89 3111 153 3151 vere
167 3094 378 3170 intelleguntur.
413 3093 481 3151 ltem
501 3096 578 3151 divus
600 3095 704 3150 blancus
724 3096 752 3150 iu
772 3094 947 3151 semestribus
963 3095 1092 3160 rusori-1

89 3180 156 3253 psit,
172 3195 246 3252 eum,
263 3181 368 3254 quires
383 3178 442 3236 fisci
457 3179 634 3251 administrat,
656 3196 670 3234 a
687 3180 770 3235 tutela
784 3179 827 3235 vel
842 3196 916 3252 eura,
932 3179 1059 3254 quamdiu

89 3264 278 3336 administrat,
300 3267 421 3322 excusari
440 3281 531 3338 posse.
561 3264 628 3320 ltem
649 3265 755 3340 quiret
775 3262 898 3338 publicae
918 3280 999 3320 causa
1013 3261 1093 3328 aba

159 3529 180 3595 ¹)
200 3529 226 3580 B
247 3529 359 3610 Tieopbt
379 3529 578 3582 satisdationes
594 3529 616 3579 Τ
631 3531 692 3582 edd.
705 3529 778 3580 Scbr.
800 3535 824 3579 et
842 3528 892 3579 Kr.
