2464 3916
184 192 244 257 170
500 205 535 242 os
555 205 726 244 acrronraus
744 191 792 254 IV,
811 192 834 242 6.

180 351 257 410 dunt.
288 349 353 406 aliae
368 355 458 404 autem
473 355 548 418 sunt,
564 364 630 422 quas
642 356 752 421 praetor
767 363 799 403 ex
813 363 863 404 sua
877 347 1061 403 iurisdictione
1075 362 1146 402 com-

180 441 285 509 paratas
301 432 380 488 habet
396 441 449 488 tam
464 433 492 488 ln
507 447 563 488 rom
580 449 660 506 quarn
674 433 703 488 in
717 447 877 506 personam,
893 448 958 506 quas
974 438 1003 488 et
1015 431 1087 504 ipsas
1102 447 1149 486 ne·

179 519 326 574 cessarium
341 524 384 573 est
398 517 527 590 exemplis
540 516 693 574 ostendere.
723 533 785 572 ecce
796 516 955 590 plerumque
970 517 1007 572 ita
1018 516 1149 589 permittit

181 603 208 658 in
223 617 280 658 rem
296 618 393 676 agere,
415 609 445 656 ut
462 601 518 672 vel,
539 609 615 658 actor
629 601 740 672 diceret,
757 617 786 656 se
802 601 877 674 quasi
893 602 1061 674 usooepisse,
1076 599 1149 673 quod

182 703 233 743 usu
248 703 304 744 uon
324 688 443 762 ceperit,
466 686 508 742 vel
530 703 562 742 en
577 686 683 742 diverso
704 679 908 760 possessorem¹
924 685 1042 756 diceret,
1059 684 1149 740 adrer-

145 773 280 834 4sarlum
301 787 397 842 suum,
418 787 470 826 usu
490 787 545 828 non
567 771 686 844 cepisse,
710 769 783 844 quod
799 771 962 844 usuceperit.
992 769 1114 841 Namque
1128 769 1149 822 si

181 857 224 912 cui
244 872 277 912 ex
297 857 368 912 iusta
389 871 469 912 causa
488 871 533 911 res
553 847 658 911 aliena²
678 855 774 910 tradita
793 854 893 926 luerit,
915 854 997 910 veluti
1018 870 1050 909 ex
1072 869 1149 909 causa

180 941 325 1015 emptionis
341 950 387 996 aut
402 939 554 996 donationis
570 947 616 994 aut
631 938 703 995 dotis
719 947 765 995 aut
779 939 946 1014 legatorum,
962 938 1078 995 necdum
1093 939 1149 994 mats

179 1025 220 1081 rei
235 1024 359 1080 dominus
374 1023 485 1082 ellectus
501 1029 553 1094 est,
569 1024 592 1078 si
607 1025 664 1080 eius
676 1025 715 1080 rei
730 1041 794 1080 casu
805 1025 1006 1098 possessionem
1022 1023 1150 1093 amiserit,

181 1109 281 1164 nullam
297 1108 377 1165 habet
391 1108 519 1164 directam
534 1108 562 1163 in
577 1125 634 1163 rem
649 1109 781 1165 actionem
797 1108 898 1164 adeam
914 1125 971 1164 rem
986 1123 1150 1181 persequen-

181 1193 256 1248 dam:
272 1195 372 1266 quippe
388 1194 424 1248 ita
439 1191 563 1266 proditae
578 1201 643 1248 sunt
657 1195 716 1248 iure
731 1193 801 1248 civili
816 1194 952 1262 actiones,
975 1201 1006 1248 ut
1027 1193 1088 1265 quis
1103 1190 1151 1246 do·

181 1278 292 1332 minium
313 1294 392 1334 suum
412 1277 538 1334 vindicet.
582 1277 631 1333 sed
652 1279 712 1351 quia
733 1293 798 1334 sane
818 1277 915 1334 durum
935 1284 1007 1347 erat,
1033 1292 1067 1331 eo
1088 1291 1150 1330 casu

181 1359 297 1418 deiicere
312 1363 456 1433 actionem,
471 1363 579 1417 inventa
594 1369 636 1417 est
651 1379 665 1416 a
681 1370 805 1435 praetore
820 1363 906 1432 actio,
927 1363 953 1417 in
970 1378 1021 1434 qua
1036 1359 1103 1416 dicit
1118 1361 1150 1430 is,

183 1447 229 1519 qui
244 1448 447 1520 possessionem
463 1447 561 1516 amisit,
578 1463 635 1501 eam
651 1462 708 1502 rem
723 1463 753 1502 se
769 1447 926 1520 usucepisse
941 1453 969 1501 et
983 1447 1021 1501 ita
1035 1443 1151 1500 vindicat

181 1547 257 1586 suam
274 1547 344 1588 esse.
374 1547 443 1604 quae
459 1532 528 1586 actio
544 1529 697 1586 Publiciana
712 1531 878 1604 appellatur,
894 1531 1020 1604 quoniam
1034 1531 1152 1602 primum

147 1627 164 1676 5
183 1631 196 1669 a
212 1613 333 1670 Publicio
349 1621 475 1689 praetore
490 1617 518 1670 in
533 1615 621 1670 edicto
637 1615 777 1690 proposita
792 1622 844 1671 est.
879 1613 982 1670 Rursus
997 1631 1028 1670 en
1045 1613 1150 1669 diverso

181 1700 204 1752 si
220 1700 290 1771 quis,
306 1715 367 1754 cum
382 1699 421 1753 rei
436 1698 557 1771 publicae
572 1715 651 1754 causa
666 1699 771 1755 abesset
787 1699 828 1755 vel
842 1701 870 1754 in
883 1699 1001 1756 hostium
1016 1705 1151 1772 potestate

182 1789 270 1852 esset,
291 1783 437 1851 remeius,
458 1783 546 1854 quiin
562 1783 668 1840 civitate
684 1792 772 1855 esset,
794 1786 963 1858 usuoeperit,
984 1783 1151 1857 permittitur

182 1865 308 1936 domino,
330 1865 353 1919 si
370 1881 515 1938 possessor
536 1866 574 1922 rei
596 1865 717 1939 publicae
738 1885 816 1924 causa
837 1867 930 1924 abesse
945 1868 1072 1937 desierit,
1088 1875 1152 1921 tnnc

180 1950 250 2004 intra
265 1965 375 2019 annum,
390 1950 504 2006 rescissa
520 1952 693 2024 usucapione,
710 1969 767 2008 eam
778 1960 882 2026 petere,
897 1953 924 2008 id
939 1961 981 2009 est
995 1954 1032 2008 ita
1049 1958 1151 2026 petere,

182 2041 213 2090 ut
227 2033 309 2106 dicat,
324 2049 510 2106 possessorem
524 2049 575 2090 usu
590 2052 646 2091 non
660 2037 766 2110 cepisse
786 2046 814 2092 et
829 2036 864 2092 ob
877 2036 905 2092 id
920 2054 996 2092 suam
1010 2053 1072 2092 esse
1085 2051 1152 2090 rem.
1218 2025 1219 2028 '

183 2117 256 2190 quod
272 2135 358 2192 genus
379 2120 493 2175 actionis
514 2128 542 2174 et
563 2114 652 2191 aliis,³
673 2121 753 2176 simili
767 2123 902 2194 aequitate
917 2129 1022 2192 motus,
1044 2128 1155 2194 praetor

182 2202 376 2274 accommodat,
391 2205 463 2260 sicut
478 2220 510 2259 en
525 2203 621 2260 latiore
636 2205 805 2279 digestorum
825 2222 876 2261 sou
895 2205 1086 2280 pandectarum
1108 2222 1155 2259 vo-

146 2286 282 2342 elumine
302 2288 463 2362 intellegere
482 2287 555 2344 licet.
590 2287 657 2344 ltem
678 2291 700 2344 si
721 2291 782 2363 quis
802 2291 830 2346 in
851 2289 971 2346 iraudcm
987 2289 1155 2346 creditorum
1217 2361 1218 2366 η

182 2385 238 2424 rem
254 2385 329 2426 suam
351 2371 429 2427 alicui
451 2372 605 2444 tradiderit,
628 2372 706 2430 bonis
727 2375 785 2429 eius
807 2392 821 2429 a
841 2373 1022 2432 creditoribus
1044 2391 1077 2429 en
1093 2390 1155 2428 sen·
1217 2387 1218 2428 t

182 2454 265 2508 tentia
281 2455 411 2526 praesidis
423 2458 568 2528 possessis,
578 2460 746 2531 permittitur
756 2460 821 2532 ipsis
833 2458 1022 2529 creditoribus,
1038 2459 1156 2513 rescissa
1217 2435 1218 2515 l

182 2536 338 2608 traditione,
354 2554 412 2594 eam
427 2555 483 2594 rem
493 2548 597 2614 petere,
612 2542 639 2597 id
652 2550 696 2598 est
710 2543 810 2614 dicere,
821 2559 880 2600 eam
890 2560 946 2599 rem
962 2542 1086 2598 traditam
1100 2559 1156 2597 non

147 2631 241 2679 iesse
264 2631 292 2679 et
314 2622 348 2677 ob
367 2622 395 2684 id
416 2624 444 2678 in
464 2622 543 2680 bonis
563 2625 694 2683 debitoris
716 2629 856 2684 mansisse.
892 2627 958 2683 Item
979 2626 1107 2682 Serviane
1129 2635 1156 2680 et

182 2709 259 2780 quasi
279 2707 420 2778 Serviane,
442 2724 510 2780 quac
531 2711 610 2766 etiarn
631 2711 822 2785 hypothecaria
850 2720 977 2782 vocatur,
1008 2727 1041 2766 ex
1067 2713 1154 2784 ipsius

182 2793 315 2866 praetoris
330 2791 516 2848 iurisdictione
536 2793 713 2851 substantiam
735 2797 814 2869 capit.
852 2796 977 2852 Serviane
998 2803 1088 2852 autem
1110 2811 1155 2849 en·

182 2877 286 2948 peritur
301 2877 361 2948 qrtis
377 2875 505 2932 derebus
521 2878 627 2948 coloni,
649 2895 717 2952 quae
738 2883 861 2954 pignoris
882 2883 941 2936 iure
956 2896 1007 2954 pro
1023 2878 1154 2935 mercedi·

183 2959 232 3014 bris
248 2959 324 3014 lundi
345 2961 369 3014 ei
390 2967 529 3024 tenentum
552 2964 628 3036 quasi
650 2963 776 3018 Serviane
798 2973 887 3021 autem
911 2958 981 3038 qua⁴
1002 2963 1152 3020 creditores

188 3073 385 3082 ......-...——-

250 3137 271 3204 ¹)
289 3139 397 3203 scripsi:
423 3140 457 3202 cs.
480 3140 591 3205 Tdeopd,
609 3151 635 3192 et
651 3145 724 3202 infra
751 3146 775 3205 ξ.
795 3146 818 3194 ὅ.
838 3159 981 3210 possessor
999 3145 1072 3196 codd
1090 3143 1150 3194 edd.

182 3207 255 3257 Sclrr.
275 3213 300 3258 et
318 3206 368 3256 Kr.
438 3207 459 3268 ²)
479 3223 514 3284 ep
532 3209 690 3260 Hotomanm'
706 3214 742 3275 rj.
761 3215 865 3277 scripsi.
885 3212 979 3277 aliquo
997 3213 1071 3263 codd.
1090 3211 1150 3259 edd.

182 3273 294 3354 &miei
305 3273 357 3322 Kr.
375 3276 423 3324 aed
434 3269 585 3338 riiiorptov
597 3276 715 3344 πρᾶγμα
730 3280 841 3344 Tdeopd.
895 3279 915 3343 ³)
930 3285 958 3330 et
971 3279 1035 3330 eliis
1046 3279 1149 3341 scripsi·

181 3336 232 3390 eat
250 3355 355 3404 scepooe
372 3341 482 3406 Tdeoplt.
502 3343 664 3406 quibusdam
683 3351 711 3395 et
730 3345 793 3396 eliis
811 3349 886 3398 codd.
903 3355 953 3398 oet.
973 3349 1015 3397 ed.
1035 3346 1105 3396 Scir.
1122 3349 1150 3392 et

182 3405 247 3456 aliie
266 3407 429 3470 quibusdam
447 3409 489 3458 ed.
507 3408 557 3457 Kr.
644 3408 665 3476 4)
686 3417 777 3462 autem
805 3429 859 3478 que
885 3415 961 3465 codd.
979 3421 1028 3466 oet.
1057 3417 1151 3462 antem

183 3474 226 3517 eet
244 3486 299 3534 que
315 3477 385 3524 multi
400 3476 478 3539 infer.
496 3477 544 3525 sed
560 3478 690 3539 rependum
708 3481 807 3529 uidetur
825 3482 892 3532 item
911 3497 963 3533 sua
