2486 3916
192 215 213 278 2

193 383 220 429 et
242 372 316 446 quod
336 373 364 427 in
385 373 476 446 priore
498 373 684 445 temporetis
709 379 774 446 post
801 373 945 428 triennium
966 367 1157 428 inferioribus¹

193 455 384 531 contingebat,
400 464 431 512 ut
447 463 511 512 tunc
526 457 737 512 constitutiones
753 457 937 530 imperatorias
952 456 1091 532 legerent,
1108 457 1160 512 boc
1219 487 1220 500 ι

193 559 241 598 vos
262 559 277 596 a
297 540 446 614 primordio
467 540 671 615 ingrediamini,
699 540 773 615 digni
799 548 874 596 tanto
902 540 1006 604 bonore
1033 548 1160 614 tantaque

193 627 294 701 reperti
310 625 455 695 felicitate,
471 635 503 680 ut
517 632 545 680 et
559 626 666 681 initium
682 624 756 680 vobis
771 633 800 681 et
815 623 876 682 finis
891 625 983 699 legum
999 625 1160 682 eruditionis

158 725 288 772 ‹lavuce
315 710 455 784 principali
481 709 619 783 procedat.
663 709 750 784 igitur
774 718 837 784 post
857 709 940 766 libros
963 712 1160 784 quinquaginta

194 796 365 871 digestorum
380 811 430 850 seu
444 793 651 867 pandectarum,
667 796 695 850 iu
710 811 779 867 quos
796 811 876 850 omne
890 796 932 850 ius
948 796 1088 868 antiquum
1104 795 1160 850 col·
1220 789 1221 854 ἦ

192 881 277 936 latum
293 888 335 936 est
357 878 438 976 (quos
453 894 503 952 per
518 877 634 934 eundem
649 880 735 934 virum
751 879 887 934 excelsum
903 878 1093 935 Tribonienum
1110 895 1160 934 nec

193 983 249 1021 non
264 972 371 1020 ceteros
387 965 458 1018 viros
470 962 590 1018 illustres
603 969 630 1018 et
641 962 848 1020 facundissimos
861 961 1073 1062 confecimus),'
1065 980 1092 1018 ιιι
1109 965 1159 1020 hos

194 1058 323 1124 quattuor
343 1045 426 1104 libros
448 1045 555 1104 easdem
575 1047 760 1104 institutiones
781 1048 896 1121 partiri
889 1049 1032 1120 iussimus,
1054 1057 1084 1104 ut
1105 1049 1160 1103 siut

159 1142 175 1191 s
194 1135 279 1190 totius
295 1133 433 1206 legitimae
448 1132 576 1188 scientiae
591 1133 676 1204 prima
691 1132 833 1188 elementa.
864 1130 966 1200 Quibus
982 1117 1100 1189 breviter
1115 1149 1160 1188 ex-

193 1220 313 1293 positum
328 1224 370 1272 est
391 1225 418 1272 et
439 1213 512 1290 quod
534 1222 613 1271 antea
629 1215 768 1290 optinebat
789 1224 816 1271 et
833 1217 905 1290 quud
922 1226 1017 1290 postea
1032 1217 1160 1274 desuetu-
1221 1211 1222 1220 ’

159 1312 174 1360 6
193 1303 255 1358 dine
270 1300 450 1358 inumbratum
467 1299 498 1355 ab
518 1301 651 1374 imperiali
672 1300 790 1356 remedio
806 1301 984 1357 illuminatum
1000 1309 1050 1358 est.
1088 1300 1158 1369 Quas

193 1404 226 1443 es
247 1385 370 1443 omnibns
391 1387 565 1458 antiquorum
585 1383 801 1441 institutionibus
824 1394 852 1441 et
874 1388 1017 1460 praecipue
1038 1403 1070 1442 ex
1086 1403 1160 1442 com-

193 1472 332 1528 mentariis
348 1469 404 1526 Gaii
420 1471 509 1525 nostri
525 1477 578 1525 tam
590 1465 792 1526 institutionum
804 1487 883 1544 quam
895 1485 985 1526 rerum
1002 1469 1161 1527 cottidiana·
1222 1537 1223 1542 ι

193 1573 254 1612 rum
275 1556 389 1630 aliisque
409 1555 502 1610 multis
524 1556 723 1610 commentariis
744 1556 908 1629 compositas
930 1570 991 1611 cum
1012 1563 1068 1611 tres
1084 1571 1160 1629 prae·
1222 1551 1223 1558 ’

193 1641 258 1698 dicti
274 1641 323 1695 viri
337 1639 485 1712 prudentes
501 1637 579 1693 uobis
591 1639 762 1712 optulerunt,
779 1647 807 1694 et
818 1640 933 1714 legimus
946 1641 1160 1714 etcognovimus

193 1733 222 1780 et
236 1724 421 1798 plenissimum
438 1730 591 1778 nostrarum
611 1724 838 1779 constitutionum
858 1723 943 1779 robur
957 1726 995 1780 eis
1010 1741 1161 1781 accommo-

194 1809 323 1866 davimus.
1223 1859 1224 1874 ,

160 1910 175 1958 a
259 1891 368 1948 Summa
382 1893 474 1966 itaque
490 1907 541 1966 ope
563 1901 590 1947 et
605 1891 685 1948 alacri
706 1893 797 1948 studio
814 1893 861 1949 bas
877 1893 953 1968 leges
970 1901 1077 1949 nostras
1093 1893 1160 1948 acci·
1223 1889 1224 1902 ¹

161 1979 250 2054 pite
265 1985 293 2034 et
315 1983 418 2032 vosmet
438 1978 512 2049 ipsos
534 1977 573 2032 sic
594 1977 715 2032 eruditos
731 1977 884 2049 ostendite,
907 1985 936 2033 ut
957 1994 1020 2052 spes
1035 1994 1084 2033 vos
1099 1977 1161 2051 pul-

194 2063 326 2119 cherrima
349 2061 452 2132 ioveat,
481 2067 540 2118 toto
562 2059 684 2135 legitimo
706 2077 789 2136 opere
810 2061 950 2136 perlecto,
977 2077 1059 2136 posse
1080 2063 1160 2117 etiam

194 2155 315 2204 nostram
339 2161 397 2202 rem
417 2145 577 2220 publicam'
569 2161 597 2201 ιιι
622 2143 744 2219 partibus
767 2147 824 2202 eins
846 2145 920 2202 vobis
947 2139 1088 2204 credendis
1111 2163 1162 2220 gu·
1224 2183 1225 2194 ι

192 2233 314 2288 bernare.

257 2316 321 2370 itata
334 2313 474 2370 undecimo
487 2313 613 2370 kalendas
632 2313 789 2370 Decembres
802 2313 1037 2390 Constantinopoli
1049 2315 1161 2370 domino

194 2407 289 2455 nostro
304 2397 452 2454 iustiniauo
468 2406 602 2472 perpetuo
617 2399 742 2472 Augusto
758 2401 869 2456 tertium
884 2401 1006 2457 consule.
1030 2397 1123 2472 (533).

193 2514 397 2522 ..—-—-...—-

262 2560 282 2627 ¹)
301 2563 348 2612 vix
370 2566 434 2628 post
456 2560 666 2626 quadriennium
688 2564 824 2629 prioribus
847 2581 931 2616 omnes
952 2567 1027 2616 codd.
1051 2571 1077 2614 et
1101 2565 1161 2614 edd

194 2647 241 2682 aec
257 2646 316 2682 vere
334 2635 360 2678 et
377 2629 472 2680 insulse
487 2631 574 2694 post
566 2646 596 2680 ιιι
608 2631 698 2696 priore
712 2637 793 2698 temp.
805 2624 877 2698 μετὰ
889 2647 986 2699 roseam
974 2621 1082 2698 μόλις
1094 2625 1160 2698 χρό-

193 2715 245 2750 νον
258 2702 319 2758 τοῖς
332 2689 644 2762 ἅναιινιόσιιοιισιιιιιι
659 2700 771 2765 Tbeople.
788 2703 1006 2766 erpolepeadam:
1036 2700 1083 2750 vix
1095 2704 1164 2764 post

194 2767 343 2817 triennium
354 2765 539 2818 inferioribus.
558 2767 592 2848 ιζ.
607 2768 641 2817 L.
660 2770 684 2817 1.
703 2768 726 2828 5.
740 2770 764 2822 7.
778 2769 810 2818 D.
830 2770 862 2818 de
884 2770 933 2832 lep.
947 2771 972 2818 3.
1010 2768 1062 2818 bie.
1080 2767 1160 2828 aaQ.

190 2835 228 2897 [ι.
242 2837 267 2892 3,
281 2836 305 2890 5,
318 2836 343 2888 2.
361 2833 438 2882 Brut.
451 2835 493 2892 49,
507 2835 585 2887 182.’
577 2851 618 2884 ιιι·
632 2837 783 2886 ιιιίιιιιιίιιι.
797 2836 933 2896 triennii,
951 2851 1048 2902 eaque
1063 2835 1162 2898 factam

192 2918 209 2951 a
227 2903 291 2952 mate
309 2903 391 2952 doctis
404 2901 625 2966 quadriennium,
643 2919 697 2954 cam
708 2919 759 2954 ιιοιι
770 2905 957 2968 intellegerent
980 2905 1162 2966 imperatorem

194 2973 256 3036 post
267 2969 416 3018 triennium
428 2970 576 3021 inferiores
588 2973 675 3022 dicere
687 2987 730 3038 qm
725 2973 871 3022 ‘doctrina
883 2973 955 3022 tertii
965 2987 1026 3020 anas
1022 2973 1087 3034 'fine
1100 2985 1163 3020 coa·

192 3041 273 3088 etasa’
293 3034 385 3103 (comt.
410 3035 510 3088 Omnem
525 3041 592 3104 reip.
610 3039 634 3100 5.
646 3042 670 3089 4.
688 3037 745 3103 pia.)
761 3041 877 3117 reliquo
882 3039 962 3088 stadii
979 3045 1093 3117 tempore
1110 3053 1163 3102 per

192 3112 270 3156 semet
285 3107 356 3188 ipsos
372 3106 527 3165 recitabant,
551 3103 629 3171 (ande
646 3123 691 3158 eos
706 3105 817 3171 Tdeopi.
829 3097 896 3164 ratic
908 3095 1163 3171 &supermanantem

193 3175 296 3235 dicit)
285 3175 367 3238 sisque
385 3176 460 3224 etiam
471 3176 516 3224 sia
535 3181 595 3239 post
617 3176 760 3234 triennium,
773 3181 800 3222 at
811 3175 991 3237 imperatorias
1002 3175 1164 3223 constitutio-

193 3255 238 3292 ιιι
258 3245 380 3307 tegerent,
401 3243 544 3306 contigisse,
567 3246 626 3308 quia
647 3243 732 3308 quarti
752 3243 814 3290 anni
834 3243 928 3291 demam
945 3243 1027 3290 attero
1043 3241 1166 3290 semestri

192 3310 270 3374 Greg
284 3316 309 3360 et
321 3310 411 3364 Herm.
424 3312 544 3373 codicem,
557 3312 643 3376 quinto
655 3325 722 3360 aaao
734 3311 809 3359 etiam
824 3308 869 3360 m.
883 3315 997 3359 tractare
1009 3317 1165 3364 euenerant·

193 3394 250 3430 nam
271 3380 319 3430 ‘im
340 3385 483 3444 quartam
495 3383 619 3428 anaum’
642 3379 723 3441 (cuias
738 3379 828 3441 priore
839 3378 937 3426 scilicet
948 3378 1065 3426 semestri
1075 3378 1165 3427 Paulli

192 3461 331 3579 qespoqsa
340 3445 527 3582 ιιιιιιιΐιιιιιι*
539 3449 618 3497 omnis
639 3447 759 3511 antiquae
783 3445 981 3508 prudentiae
1004 3443 1066 3508 fiais
1084 3447 1163 3494 erat’

206 3523 279 3566 coast
306 3517 342 3564 cit
368 3517 383 3577 5
407 3518 419 3564 1
