2486 3916
179 249 214 284 ne
235 248 385 286 suerecrrs
405 247 565 284 uuronrnus
583 247 619 282 nr
638 247 835 284 cunaroernos
854 233 877 296 I,
896 236 938 286 26.
1002 232 1044 296 33

778 307 794 328 Ι

72 399 199 462 cavetur,
213 399 244 446 ut
259 369 439 464 necpupillus
452 389 484 446 ad
500 389 644 464 legitimam
657 391 769 446 tutelam
781 397 893 446 vocetur
908 408 957 447 nec
970 391 1043 448 adul·

74 484 135 532 tus:
152 491 213 531 cum
230 482 287 530 erat
303 474 421 547 incidie,
437 491 495 547 eos,
512 475 558 548 qui
573 473 662 530 alieno
674 474 771 530 auxilio
787 476 814 530 in
829 474 910 531 rebus
926 478 981 532 suis
998 476 1044 532 ad-

74 558 262 616 ministrandis
283 575 366 634 egere
385 566 538 616 noscuntur
563 566 590 615 et
610 557 660 614 sub
680 559 738 614 aliis
758 568 908 632 regantur,
930 561 1042 617 aliorum

74 644 191 700 tutelam
206 643 249 699 vel
264 659 356 698 curam
371 643 472 698 subire.
502 643 574 699 ldem
590 651 618 699 et
633 645 660 700 iu
680 641 765 698 milite
780 643 976 701 observandum
991 654 1043 716 est,
1063 660 1095 708 14
1170 635 1172 646 '
1219 631 1222 646 ¹

74 737 107 784 ut
123 745 174 785 nec
189 727 282 784 volens
298 727 331 783 ad
348 727 446 784 tutelae
458 745 556 784 munus
571 726 736 784 admittatur.
763 726 829 784 ltern
841 725 939 786 licmae
955 747 1043 804 gram·
1063 739 1095 788 15

72 813 183 883 matici,
204 813 330 868 rhetores
351 819 378 868 et
398 811 494 868 medici
516 820 544 868 et
564 813 653 886 quiin
668 812 752 885 patria
768 828 815 867 sua
831 811 858 868 id
874 824 1000 870 exercent
1016 823 1043 872 et

73 899 148 954 intra
163 911 304 952 numerum
320 905 395 968 sunt,
411 913 426 951 a
442 896 525 954 tutela
540 896 582 952 vel
597 913 661 952 cura
676 895 776 952 habent
791 898 964 953 vacationem.

142 975 213 1048 ¹Qui
228 988 317 1038 autem
333 997 362 1037 se
379 981 435 1036 vult
451 997 589 1052 excusare,
604 982 627 1036 si
639 981 730 1054 plures
747 979 842 1036 lrabeat
857 984 1044 1040 excusationes
1065 991 1096 1039 16

73 1065 154 1122 etde
170 1063 329 1138 quibusdam
350 1081 406 1122 non
427 1064 595 1138 prolaevecit,
618 1065 675 1120 aliis
696 1067 736 1120 uti
757 1066 826 1120 intra
847 1073 968 1140 tempora
989 1084 1044 1128 non

72 1147 248 1224 prohibetur,
280 1150 329 1222 qui
343 1165 471 1206 excusare
491 1166 521 1206 se
541 1149 647 1222 volunt,
663 1166 718 1206 nou
734 1149 884 1224 appellant:
905 1151 953 1208 sed
974 1153 1044 1208 intra

73 1234 135 1290 dies
153 1234 348 1308 quinquaginta
363 1234 518 1305 continuos,
541 1251 573 1290 ex
589 1251 642 1308 quo
658 1243 856 1308 cognoverunt,
872 1251 999 1292 excusare
1015 1253 1045 1292 se

73 1317 178 1374 debent
194 1317 398 1392 (cuiuscumque
413 1319 521 1393 generis
536 1327 616 1390 sunt,
636 1317 663 1374 id
679 1326 722 1374 est
742 1317 973 1394 qualitercumque
990 1321 1045 1377 dati

74 1403 182 1458 luerint
197 1399 330 1475 tutores),
346 1404 369 1458 si
383 1404 454 1460 intra
468 1405 645 1459 centesimum
660 1402 775 1476 lapidem
790 1411 855 1458 sunt
875 1403 907 1458 ab
922 1421 955 1460 eo
971 1405 1043 1476 loco,

74 1486 128 1542 ubi
144 1495 247 1543 tutores
262 1487 318 1542 dati
332 1495 411 1544 sunt:
427 1488 450 1542 si
465 1503 529 1543 vero
546 1487 616 1543 ultra
631 1488 808 1542 centesimum
820 1486 951 1560 habitant,
967 1488 1045 1545 alinu-

72 1572 228 1628 meratione
249 1571 318 1627 lacta
338 1572 435 1646 viginti
455 1571 566 1628 millium
581 1571 741 1629 diurnorum
762 1571 917 1645 etamplius
933 1574 1045 1647 triginta

71 1656 192 1712 dierum.
224 1655 298 1730 quod
314 1663 414 1728 tenen,
430 1663 461 1712 ut
471 1654 724 1727 Scaevola'dicebat,
740 1657 779 1712 sic
790 1654 871 1712 debet
884 1661 1044 1732 computari,

72 1755 111 1796 ne
127 1741 217 1796 minus
233 1741 289 1796 sint
304 1755 383 1814 quam
405 1741 601 1816 quinquaginta
616 1739 683 1796 dies.
714 1739 796 1796 batus
816 1749 905 1798 autem
922 1750 998 1798 tutor
1013 1745 1044 1799 ad
1065 1754 1096 1804 17

73 1825 235 1880 universum
250 1826 440 1898 patrimonium
461 1825 540 1881 datus
560 1841 621 1882 esse
642 1825 771 1881 creditur.
804 1823 854 1893 Qui
870 1827 983 1883 tutelam
999 1829 1046 1884 ali·
1066 1838 1095 1886 18

71 1911 155 1966 errius
171 1911 273 1983 gessit,
295 1910 394 1965 invitus
409 1918 519 1966 curator
534 1908 655 1968 eiusdem
672 1908 730 1966 lieri
744 1927 799 1966 non
815 1911 1002 1985 compellitur,
1019 1915 1045 1969 in

72 2002 181 2050 tantum
199 2000 239 2066 ut,
255 1993 318 2050 licet
331 2002 419 2067 pater,
434 1996 481 2068 qui
495 2002 657 2051 testamento
673 2003 791 2052 tutorem
807 1994 923 2066 dederit,
938 1996 1045 2068 adiecit,

72 2095 106 2134 se
121 2078 238 2134 eundem
254 2087 406 2136 curatorem
418 2078 492 2150 dere,
505 2087 593 2134 tamen
604 2079 717 2136 invitum
729 2095 790 2134 eum
803 2095 894 2136 curam
906 2082 1045 2154 suscipere

74 2179 133 2218 non
148 2162 314 2237 cogendum,
331 2161 508 2220 diviSeverus
524 2171 552 2219 et
562 2164 714 2219 Antoninus
730 2163 937 2235 rescripserunt.
963 2163 1045 2220 lidem
1065 2170 1096 2218 19

74 2247 288 2321 rescripserunt,
309 2249 432 2306 maritum
449 2249 527 2304 uxori
548 2263 611 2304 suae
631 2254 784 2304 curatorem
804 2247 896 2304 datum
917 2263 1045 2306 excusare

73 2348 107 2386 se
121 2348 215 2406 posse,
231 2331 295 2388 licet
307 2349 337 2388 se
352 2333 509 2389 immisceat.
536 2331 564 2388 Si
577 2333 637 2408 quis
648 2340 737 2388 autem
750 2331 824 2388 lalsis
836 2331 1044 2407 allegationibus
1063 2340 1096 2389 20

74 2417 282 2472 excusationem
304 2416 404 2473 tutelae
419 2418 532 2489 meruit,
554 2424 666 2473 nonest
686 2416 815 2474 liberatus
836 2433 919 2474 onere
934 2418 1044 2475 tutelae.

482 2631 539 2671 uri.
557 2629 642 2671 xm.

136 2717 188 2767 Du
208 2715 406 2767 SUSPEOTIS
424 2716 635 2768 TUTORIBUS
653 2717 701 2768 ΕΤ
720 2715 985 2768 CURATORIBUS.

141 2833 307 2896 ²Seiendun
323 2847 364 2896 est
379 2841 499 2914 suspecti
514 2841 615 2898 crimen
631 2858 645 2897 e
660 2840 722 2916 lege
737 2839 878 2897 duodecim
895 2839 1044 2896 tabularum
1062 2862 1097 2900 rr.

74 2924 251 2982 descendere.
283 2924 378 2982 batam
393 2933 436 2994 est
450 2933 539 2982 autem
555 2926 596 2981 ius
608 2925 764 2982 removendi
780 2933 923 2998 suspectos
939 2931 1045 2982 tutores
1066 2935 1079 2981 1

77 3009 177 3065 Romae
196 3011 317 3083 praetori
338 3011 413 3066 etin
432 3011 577 3084 provinciis
603 3009 771 3084 praesidibus
793 3025 884 3065 earum
906 3018 933 3066 et
954 3010 1045 3085 legato

77 3093 260 3166 proconsulis.
290 3093 474 3166 Ostendimus,
488 3095 533 3167 qui
548 3101 664 3167 possunt
676 3093 709 3150 de
720 3103 848 3172 suspecto
864 3111 1045 3170 cognoscere:
1064 3109 1079 3156 2

20 3231 22 3256 ι

20 3263 23 3306 l

84 3275 279 3286 ..υ-’.ομι-

148 3391 166 3454 ¹)
185 3396 242 3448 init.
260 3415 295 3436 ε
313 3393 347 3444 t.
367 3396 408 3444 21.
428 3395 451 3456 ξ.
472 3395 495 3448 1.
514 3395 547 3445 D.
566 3397 598 3444 de
617 3409 704 3445 eneae.
724 3401 769 3443 tot.
795 3391 851 3458 (et,
872 3394 896 3454 l)
920 3409 955 3443 ex
973 3393 1046 3442 Mar·

79 3461 148 3510 ciani
163 3462 181 3511 l.
202 3464 217 3511 2
236 3464 317 3512 irretit.
387 3462 412 3522 2)
430 3463 489 3524 fere
502 3483 535 3504 =
547 3462 580 3512 L.
601 3466 624 3512 l.
644 3463 684 3524 ἕξ,
704 3463 793 3514 2...t.
812 3463 846 3511 D.
865 3463 897 3510 de
915 3477 985 3523 ceap.
999 3468 1046 3510 tat.

81 3523 132 3592 (26,
152 3527 193 3590 10)
212 3545 248 3580 eac
268 3525 327 3594 top.
346 3533 361 3579 l.
382 3531 414 3580 35
433 3532 468 3581 ad
485 3533 526 3581 ed.

114 3626 276 3664 rrsr1n1nur
295 3628 522 3670 1urr1rvr1ones.
874 3614 892 3670 3
