2464 3916
352 233 388 270 ns
408 234 538 272 rosnrcrs
557 199 806 284 ruo1crrs,1V,18.
1000 217 1062 282 201

96 387 159 434 runt
172 377 215 434 rel
227 377 298 432 ‘mala
319 376 510 433 medicamenta
529 375 637 451 publice
654 349 844 434 uendiderunt.
889 375 946 433 Alia
967 376 1097 441 deindee

96 463 138 518 len
153 463 330 536 asperrimum
346 462 448 517 crimen
463 477 532 517 nova
547 477 635 536 poena
650 461 839 535 persequitur,
856 477 923 534 quae
937 459 1064 536 Pompeia
1140 493 1142 499 .
1230 461 1231 526 l

95 547 128 602 de
143 547 290 620 parricidiis
305 553 424 602 vocatur.
456 561 509 619 qua
524 553 648 617 cavetur,
671 553 715 616 ut,
740 537 780 600 ¹si
801 546 861 618 quis
883 547 1001 618 parentis
1017 555 1064 602 aut

95 631 142 687 lilii
157 631 329 687 automnino
345 630 505 686 adfectionis
527 631 600 702 eius,
623 646 691 704 quae
712 630 914 702 nuncupatione
929 629 1063 703 parricidii

95 716 265 788 continetur,
292 715 345 772 lata
359 715 560 788 properaverit,
586 716 643 770 sive
668 714 736 770 clam
762 715 818 769 sive
839 713 926 787 palam
940 714 966 768 id
982 731 1063 770 ausus

93 800 190 870 luerit,
207 799 258 856 riec
272 813 328 856 non
342 799 375 870 is,
391 799 468 855 cuius
483 798 547 869 dolo
563 798 633 856 malo
649 798 679 854 nt-
691 798 792 854 iactum
807 805 865 869 cst,
883 797 924 852 vel
938 800 1063 855 conscius

93 885 210 940 oriminis
226 885 332 956 existit,
348 883 411 940 licet
426 890 570 940 extraneus
586 885 632 954 sit,
647 899 734 957 poena
755 881 891 956 parricidii
917 875 1063 955 puniatur²

93 977 120 1026 et
135 984 224 1042 neque
239 967 330 1042 gladio
345 983 433 1042 neque
454 967 561 1042 ignibus
577 983 667 1041 neque
681 967 730 1024 ulli
742 967 785 1022 alii
801 965 926 1023 sollemni
940 961 1062 1040 poenae³

93 1047 286 1127 subiugetur,4
301 1052 350 1108 sed
365 1048 472 1108 insutus
487 1051 565 1108 culeo
581 1068 642 1108 cum
657 1069 722 1108 cane
738 1057 766 1108 et
780 1051 854 1126 gallo
871 1050 1019 1124 gallinaceo
1035 1059 1063 1108 et

92 1139 183 1212 vipera
198 1145 227 1192 et
242 1137 318 1192 simia
333 1144 360 1192 ct
380 1137 453 1193 inter
467 1138 525 1193 eius
551 1137 648 1194 ieralcs
674 1137 812 1210 angustias
838 1135 1062 1210 comprehensus,

91 1221 242 1280 secundum
261 1220 335 1295 quod
350 1222 471 1295 regionis
487 1219 599 1294 qualitas
620 1221 729 1293 tulerit,
752 1220 794 1276 vel
814 1221 843 1276 in
858 1220 974 1276 vicinum
990 1235 1062 1277 mare

92 1306 134 1362 vel
148 1307 176 1362 iu
191 1323 298 1362 amnem
314 1306 477 1378 proiciatur,
499 1313 529 1361 ut
550 1307 624 1362 omni
645 1305 842 1362 elementorum
863 1319 915 1360 usu
929 1305 1005 1360 vivus
1021 1321 1062 1362 ca·

91 1407 150 1446 rere
165 1391 278 1464 incipiat
298 1398 326 1446 et
346 1391 369 1445 ei
390 1390 493 1446 caelum
514 1391 670 1464 superstiti,
691 1397 764 1446 terra
784 1397 893 1445 mortuo
914 1388 1061 1446 auferatur.

92 1477 114 1530 si
130 1476 190 1548 quis
218 1482 307 1531 autom
334 1474 397 1529 alias
422 1476 586 1550 cognatione
611 1474 654 1530 vel
677 1473 814 1530 adfinitate
829 1474 986 1530 coniunctas
1002 1489 1063 1547 per·

92 1575 170 1616 sonas
184 1561 338 1630 necaverit,
354 1575 468 1632 poenam
489 1559 558 1634 legis
575 1557 714 1615 Corneliae
735 1559 769 1614 de
789 1558 891 1614 sicariis
907 1557 1062 1616 sustinebit.

90 1645 155 1700 ltcrn
170 1645 216 1701 len
232 1643 355 1700 Cornelia
370 1642 404 1698 de
425 1643 513 1715 ialsis,
536 1659 604 1716 quac
624 1645 703 1700 etiam
725 1643 925 1699 testamentaria
939 1649 1061 1715 vocatur,
1080 1655 1095 1704 n

91 1744 204 1802 poenam
223 1729 328 1802 irrogat
344 1728 384 1799 ei,
411 1729 458 1802 qui
483 1735 677 1784 testamentum
704 1727 745 1783 vel
765 1727 837 1784 aliud
851 1729 1062 1785 instrumentum
1105 1757 1110 1765 ·

91 1812 188 1868 laisum
219 1814 374 1886 scripserit,
405 1814 567 1886 signaverit,
599 1813 767 1885 recitaverit,
798 1811 958 1883 subiecerit,
984 1813 1063 1886 quive

91 1899 199 1972 signnm
218 1895 397 1952 adulterinum
413 1897 524 1970 lecerit,
540 1897 700 1970 sculpserit,
716 1897 879 1972 expresserit
894 1897 982 1952 scians
998 1896 1061 1953 dolo

96 1981 174 2038 malo.
208 1982 322 2054 eiusque
343 1980 412 2054 legis
432 1997 519 2053 poena
539 1982 566 2035 in
581 1997 675 2037 servos
691 1981 814 2036 ultimum
830 1981 993 2052 supplicium
1010 1989 1062 2052 cst,

92 2066 164 2140 quod
180 2073 210 2122 et
224 2067 252 2120 in
267 2065 330 2139 lege
345 2065 379 2120 dc
394 2065 495 2122 sicariis
512 2071 539 2120 et
554 2062 680 2120 veneficis
691 2071 824 2136 servetur,
840 2065 867 2119 in
882 2063 982 2118 liberos
997 2081 1061 2120 vcro

91 2151 256 2224 deportatio.
286 2149 352 2205 ltem
368 2148 411 2205 len
431 2149 497 2206 lulia
518 2148 551 2204 de
572 2150 598 2204 vi
613 2147 719 2222 publica
740 2165 790 2204 seu
810 2148 913 2222 privata
933 2147 1061 2204 adversus
1079 2153 1095 2202 8

91 2251 139 2290 eos
154 2235 296 2306 exoritur,
313 2236 359 2308 qui
374 2235 426 2290 vim
441 2233 485 2290 vel
499 2241 627 2290 armatam
642 2233 684 2290 vel
699 2235 757 2290 sine
773 2233 852 2289 armis
868 2233 1061 2289 commiserint.

92 2317 140 2374 sed
157 2321 180 2374 si
197 2319 305 2393 quidem
321 2325 421 2374 armata
435 2319 475 2374 vis
491 2325 636 2392 arguatur,
658 2317 810 2392 deportatio
833 2317 856 2371 ei
872 2333 905 2371 en
920 2315 982 2390 lege
997 2315 1062 2372 lulia

92 2403 126 2459 de
141 2403 166 2458 vi
180 2403 287 2477 publica
302 2405 455 2478 irrogatur:
485 2404 509 2458 si
524 2419 588 2459 vero
604 2403 662 2459 sine
677 2404 772 2474 armis,
793 2403 820 2458 in
837 2401 943 2456 tertiam
957 2409 1062 2474 partem

92 2487 226 2544 honorum
256 2487 402 2563 publicatio
428 2489 587 2562 imponitur.
633 2489 675 2544 sin
702 2495 791 2544 autem
818 2501 867 2560 per
892 2487 946 2541 vim
967 2492 1060 2560 raptus

93 2573 207 2646 virginis
223 2573 265 2628 vel
279 2573 373 2629 viduae
389 2568 430 2628 vel
446 2571 671 2641 sanctimonialis,
687 2572 789 2638 velatae
805 2570 847 2628 vel
862 2563 962 2640 aliac,⁵
978 2569 1061 2626 inerit

92 2663 283 2730 perpetratus,
299 2665 364 2713 tuuc
379 2665 406 2712 et
421 2664 578 2730 peccatores
594 2663 621 2712 et
643 2659 683 2729 ei,
706 2659 752 2729 qui
768 2673 847 2729 opem
862 2653 965 2727 ilagitio
981 2653 1062 2708 dede·

163 2902 183 2967 ¹)
201 2905 258 2954 hinc
276 2943 283 2959 .
298 2945 322 2958 ..
342 2906 486 2956 auferatur
500 2906 559 2967 fere
571 2925 605 2946 =
617 2904 649 2956 L.
671 2907 693 2958 1.
713 2904 741 2958 0.
759 2906 791 2954 de
809 2903 859 2962 itis,
878 2903 922 2968 qui
936 2909 1060 2966 parentes

93 2974 128 3034 (9,
148 2972 200 3033 17).
219 2974 275 3026 coll.
295 2975 327 3026 L.
349 2975 371 3027 1.
390 2974 414 3026 6.
426 2974 460 3026 D.
480 2975 584 3037 detege
604 2973 690 3036 Pomp.
710 2973 742 3022 de
756 2973 856 3036 perric.
875 2969 927 3038 (48,
947 2970 983 3034 9).
1036 2967 1058 3036 ²)

92 3040 172 3104 aliqui
189 3041 263 3094 codd.
280 3041 356 3104 infer.
375 3040 437 3093 Cod.
456 3039 587 3104 punietur
613 3041 730 3104 plerique
756 3039 830 3092 codd.
859 3041 917 3090 edd.
941 3037 1016 3091 Scir.
1036 3045 1060 3088 et

93 3104 184 3159 nn*
212 3107 233 3169 8)
252 3109 289 3158 sic
306 3109 466 3160 multicodd.
493 3109 570 3170 inser.
592 3107 652 3160 God.
682 3107 745 3160 lust.
763 3105 822 3156 ulle
841 3106 1066 3174 alia...poend

93 3175 167 3228 codd.
185 3182 232 3228 oet.
256 3175 350 3229 Tlteod.
372 3175 397 3226 G.
417 3176 476 3228 edd.
494 3173 569 3227 Salar.
589 3181 614 3224 et
631 3175 681 3228 Kr.
733 3172 753 3237 ⁴)
775 3174 836 3226 God.
858 3175 921 3225 luet.
941 3172 1061 3222 subicie-

92 3243 137 3290 tur
153 3245 228 3296 codd.
247 3245 306 3298 edd.
325 3242 399 3298 Scir.
418 3249 443 3292 et
454 3242 505 3296 Kr.
557 3241 578 3308 ⁵)
596 3244 698 3306 scripsi.
716 3240 762 3292 vel
780 3239 1000 3292 sanctimonialis
1017 3237 1062 3291 vel

92 3307 169 3360 aliae
186 3312 261 3364 codd.
279 3313 338 3364 edd.
350 3298 426 3376 seddi
440 3307 478 3379 τῷ
492 3307 555 3378 θεῷ
568 3301 773 3376 ἀφωρισμένην
786 3300 867 3360 τοῦτ’
883 3303 960 3360 ἔστιν
974 3297 1061 3372 ἀσκή-

91 3391 174 3441 roton
185 3367 276 3443 ἤγουν
294 3369 484 3428 διακόνισσαν
507 3377 618 3442 Theopl.
637 3379 716 3442 perlit
733 3377 810 3441 igitur
827 3376 858 3426 od
875 3376 1062 3426 similitudinem

90 3459 145 3572 {pm
162 3460 216 3510 seq.
235 3461 257 3498 u.
275 3445 388 3498 velatae
407 3447 439 3496 de
461 3448 551 3496 celatis
572 3445 621 3498 vid.
646 3445 711 3498 Non.
738 3444 833 3497 Maior.
863 3445 900 3497 tit.
920 3443 967 3496 VI.
988 3445 1000 3493 l
1018 3459 1060 3506 pr.
