2484 3916
150 179 192 244 26
222 197 257 236 mr
271 194 348 230 Arm.
361 191 425 228 rur.
438 193 492 228 vsu
503 193 548 242 eo,
563 192 614 234 om
626 193 662 226 ex
673 191 747 228 naon
762 191 822 230 mn.
833 191 868 226 mr
887 192 945 229 rm.
956 191 1025 227 nnn.
1044 177 1068 240 1,
1089 181 1135 230 20.

152 338 234 409 Atqui
248 344 364 408 patrono
379 334 502 408 legitimo
518 341 610 388 tutore
626 340 745 403 mortuo,
761 331 839 388 liberi
855 349 969 406 quoque
981 335 1042 389 eius
1060 333 1139 408 legi-

151 421 211 476 timi
225 427 289 474 sunt
305 427 424 474 tutores:
441 418 566 490 quoniam
582 415 652 472 lilius
669 415 777 489 quidem
792 415 926 487 defuncti,
943 418 967 472 si
984 434 1042 474 non
1056 429 1139 476 esset
1236 449 1237 462 κ

152 505 242 560 avivo
257 512 335 576 patre
350 502 543 576 emancipatus,
557 509 622 576 post
638 499 740 558 obitum
755 501 814 556 eius
829 501 872 555 sui
887 501 956 556 iuris
969 500 1139 560 efficeretur

153 589 250 644 necin
271 587 384 643 fratrum
403 593 567 659 potestatem
586 584 719 641 recideret
739 584 856 656 ideoque
877 587 979 640 necin
1001 585 1137 659 tutelam,

153 671 267 727 libertus
288 679 377 727 autem
397 671 420 725 si
440 686 535 725 servus
556 671 713 739 mansisset,
737 669 832 741 utique
854 668 952 724 eodem
974 671 1036 725 iure
1058 673 1138 746 apud

153 754 253 812 liberos
269 755 370 812 domini
385 761 449 828 post
464 762 579 810 mortem
595 755 658 809 eius·
668 752 776 808 iuturus
793 758 876 808 esset.
897 753 936 808 ita
951 761 1047 810 tamen
1063 756 1084 810 ii
1101 756 1138 811 ad

153 839 264 896 tutelam
280 846 425 908 vocantur,
447 839 469 893 si
492 837 628 911 perfectae
643 839 737 894 aetatis
753 837 817 892 sint.
854 836 929 909 quod
950 846 1049 894 nostra
1066 855 1139 896 con·

151 917 279 979 'stitutio¹
301 922 464 998 generaliter
483 923 511 977 in
527 921 650 978 omuibus
672 921 764 977 tutelis
780 928 807 976 et
823 921 1012 978 curationibus
1035 922 1138 981 obser·

155 1009 210 1062 vari
225 1008 370 1080 praecepit.

578 1215 635 1256 TIT.
648 1215 698 1256 XX.

197 1302 248 1353 DE
266 1303 443 1354 ATILIANO
462 1301 612 1354 TUTORE
630 1301 721 1353 vulfi
739 1301 796 1362 EO,
817 1302 883 1365 QUI
901 1302 952 1353 EX
970 1302 1084 1356 LEGE.

396 1385 501 1437 IULIA
517 1387 566 1436 ΕΤ
584 1386 683 1437 ΤΙΤΙΒ
702 1385 884 1436 DABATUR.

104 1534 139 1576 pf,
223 1502 270 1565 ³Si
285 1510 328 1566 cui
343 1508 434 1564 nullus
447 1511 555 1565 omnino
571 1516 648 1564 tutor
663 1507 765 1578 luerat,
782 1508 806 1562 ei
821 1506 935 1564 dabatur
948 1511 977 1565 iu
991 1510 1060 1567 urbe
1071 1515 1136 1586 qui-

156 1594 217 1650 dem
232 1593 314 1651 Roma
329 1610 344 1649 a
357 1600 483 1666 praetore
499 1593 600 1648 urbano
616 1601 645 1648 ct
660 1593 760 1648 maiore
780 1599 857 1664 parte
875 1591 1050 1650 tribunorum
1071 1597 1136 1670 ple·

156 1675 197 1732 bis
220 1686 296 1733 tutor
317 1694 350 1733 er
370 1677 433 1750 lege
447 1677 542 1748 Atilia,
563 1679 591 1732 in
605 1677 751 1750 provinciis
766 1689 831 1731 vero
846 1692 861 1730 a
875 1678 1048 1750 praesidibus
1064 1697 1136 1754 pro·

125 1775 138 1822 1
157 1763 302 1816 vinciarum
314 1777 346 1816 ex
361 1760 423 1833 lege
437 1760 502 1815 lulia
517 1769 544 1816 et
554 1761 631 1816 Titia.
659 1759 712 1815 Sed
727 1760 792 1815 etsi
807 1767 971 1818 testamento
987 1765 1134 1821 tutorsub

157 1844 315 1900 condicione
335 1852 381 1900 aut
402 1843 444 1899 die
465 1853 539 1900 certo
559 1843 637 1900 datus
658 1843 762 1915 iuerat,
785 1843 912 1916 quamdiu
933 1847 1060 1904 condicio
1083 1859 1136 1906 aut

157 1928 214 1984 dies
235 1927 385 2001 pendebat,
407 1945 439 1983 en
459 1917 551 1985 iisdem
575 1927 680 2002 legibus
700 1935 777 1984 tutor
797 1927 853 1984 dari
873 1937 991 2002 poterat.
1022 1934 1092 1988 item
1109 1936 1135 1990 si
1239 1931 1240 1938 '

157 2028 225 2085 pure
247 2012 325 2068 datus
346 2009 465 2084 suerat,⁴
485 2012 612 2088 quamdiu
632 2029 711 2069 nemo
733 2029 766 2067 ex
786 2019 949 2070 testamento
970 2015 1052 2072 heres
1073 2021 1134 2074 exi·

157 2091 277 2169 stebat,⁵
296 2097 399 2154 tamdiu
420 2114 452 2152 cx
474 2097 569 2154 iisdem
593 2097 699 2172 legibus
726 2105 803 2152 tutor
822 2097 957 2169 petendus
979 2107 1055 2172 erat,
1082 2105 1134 2176 qui

158 2181 296 2238 desinebat
311 2191 387 2239 tutor
403 2199 478 2254 esse,
500 2184 523 2238 si
537 2181 660 2238 condicio
676 2183 806 2237 existeret
820 2189 867 2236 aut
887 2181 944 2240 dies
960 2186 1068 2240 veniret
1083 2196 1134 2242 aut

124 2278 140 2326 2
158 2265 237 2321 heres
250 2269 386 2322 existeret.
417 2267 456 2322 Ab
471 2266 594 2323 hostibus
611 2277 720 2338 quoque
734 2272 826 2320 tutore
841 2274 936 2338 capto,
953 2283 986 2323 ex
1001 2269 1044 2324 his
1061 2269 1134 2346 legi·

158 2348 208 2404 bus
225 2357 300 2406 tutor
313 2349 472 2423 petebatur,
488 2352 534 2424 qui
550 2349 688 2406 desinebat
703 2365 762 2405 esse
777 2356 864 2420 tutor,
880 2351 903 2405 si
918 2351 951 2422 is,
969 2353 1015 2425 qui
1032 2363 1133 2427 captus

159 2441 231 2503 erat,
256 2435 284 2488 in
305 2434 439 2489 civitatem
464 2449 589 2489 reversus
613 2433 715 2489 luerat:
741 2450 800 2488 uam
827 2449 953 2490 reversus
978 2437 1143 2511 recipiebat·

125 2531 141 2578 3
160 2516 271 2572 tutelam
291 2519 350 2572 iure
370 2518 538 2590 postliminii.
575 2516 629 2572 Sed
649 2535 682 2574 er
702 2518 742 2573 his
764 2516 871 2590 legibus
891 2519 1003 2592 pupillis
1019 2529 1132 2580 tutores

158 2600 296 2657 desierunt
310 2601 382 2673 dari,
402 2610 578 2675 posteaquam
597 2603 684 2674 primo
705 2601 831 2658 consules
851 2603 961 2676 pupillis
984 2607 1133 2681 utriusque

158 2701 238 2740 serus
254 2693 359 2742 tutores
375 2702 407 2742 en
420 2687 595 2762 inquisitione
611 2685 673 2742 dare
689 2694 852 2760 coeperunt,
871 2686 969 2744 deinde
983 2699 1132 2762 praetores

159 2786 191 2825 ex
217 2770 464 2828 constitutionibus.
510 2787 571 2827 nam
597 2788 678 2844 supra
703 2771 811 2843 scriptis
840 2770 948 2844 legibus
973 2791 1065 2848 neque
1097 2777 1133 2833 de

158 2855 283 2911 cautione
299 2874 313 2911 a
328 2855 464 2912 tutoribus
480 2855 611 2932 exigenda
626 2871 683 2911 rem
698 2855 797 2910 salvam
813 2855 923 2929 pupillis
939 2856 1016 2930 iore,
1037 2875 1134 2934 neque

159 2936 193 2992 de
213 2940 405 3014 compellendis
427 2940 562 2999 tutoribus
583 2940 617 2996 ad
642 2939 742 2996 tutelae
762 2939 1023 2998 administrationem
1051 2945 1133 3018 quid·

125 3034 141 3080 4
161 3037 240 3094 quam
256 3033 373 3082 cavetur.
411 3027 464 3084 Sed
485 3028 538 3083 hoc
552 3027 610 3082 iure
628 3026 743 3095 utimur,
765 3032 795 3080 ut
810 3023 909 3080 Romae
925 3025 1035 3098 quidem
1051 3046 1133 3102 prae·

160 3171 362 3186 --——

228 3251 247 3316 ¹)
266 3255 299 3304 L.
318 3260 342 3310 b.
362 3261 390 3313 0.
410 3265 442 3316 de
459 3263 529 3328 lepit.
547 3266 593 3312 tut.
614 3258 648 3324 (5,
667 3255 722 3324 30).
780 3255 801 3324 ²)
820 3257 875 3307 BT
890 3261 919 3308 et
936 3259 978 3309 ed.
998 3259 1075 3311 Scdr.
1096 3277 1134 3313 ω

159 3322 218 3370 aliis
235 3326 312 3374 codd.
393 3326 1026 3397 appares,1.2.=6at.1,185...187mur.
1109 3328 1131 3397 ί)

160 3386 244 3437 fuerit
262 3405 297 3442 ecc
309 3397 366 3450 aliis
385 3403 459 3453 codd.
478 3401 519 3452 cd.
538 3397 590 3448 Kr.
627 3395 647 3458 ὁ)
665 3396 703 3445 sic
721 3395 821 3460 quidum
838 3395 913 3446 codd.
933 3395 1011 3458 infer.
1027 3397 1134 3448 existet

159 3456 275 3520 Plestia&
293 3469 319 3512 et
336 3475 385 3520 oet.
404 3471 479 3523 codd.
499 3469 558 3520 edd.
578 3464 654 3516 Scdr.
673 3469 698 3513 et
716 3463 768 3515 Kr.
