2484 3916
162 201 205 265 20
283 215 387 259 cunnus
409 213 496 250 noum
516 211 562 250 rus
581 210 752 248 recusatam
771 207 911 245 convrrue
929 193 951 257 1,
971 195 1014 246 12.

162 374 244 432 posse
258 373 309 430 per
323 355 541 429 emancipationis
558 353 667 410 modum
682 369 746 410 suae
757 351 900 426 potestatis
915 349 1031 408 neribus
1048 346 1140 404 lilium

163 442 297 513 relaxare,
322 441 520 514 imperatoriam
547 446 636 494 autem
663 435 851 494 celsitudinem
870 451 925 492 non
945 434 1038 490 valere
1061 449 1140 502 eum,

129 535 145 584 5
164 542 243 600 quem
259 524 309 580 sibi
323 531 426 598 patrem
443 523 542 598 elegit,
563 522 596 578 ab
617 523 703 578 aliena
718 521 835 577 eximere
849 519 1006 594 potestate?
1037 511 1086 572 ¹Si
1103 515 1140 570 ab

163 609 287 667 hostibus
312 615 406 682 captus
428 607 510 664 inerit
530 623 642 682 parens,
670 607 789 680 quamvls
817 621 911 660 servus
933 603 1057 660 hostium
1080 599 1142 671 hat,

164 703 252 752 tamen
273 692 374 768 pendet
388 693 431 748 ius
451 691 597 748 liberorum
612 699 727 766 propter
746 692 789 746 ius
811 688 984 762 postliminii:
1018 687 1084 760 quia
1099 686 1142 756 hi,

164 781 210 853 qui
225 778 256 833 ab
273 775 397 834 hostibus
412 777 484 850 capti
505 785 585 847 sunt,
606 777 629 831 si
649 776 750 832 reversi
766 774 883 845 luerint,
906 773 998 830 omnia
1019 771 1144 846 pristina

164 865 223 920 iura
237 864 380 936 rccipiunt.
410 861 511 917 ideirco
524 877 648 916 reversus
660 868 688 916 et
702 859 803 916 liberos
819 857 927 914 habebit
941 859 969 913 in
985 861 1144 930 potestate,

164 949 227 1021 quia
240 946 436 1020 postliminium
451 942 531 1019 lingit
545 961 622 1016 eum,
644 946 689 1017 qui
710 949 804 1016 captus
825 951 882 1014 est,
904 957 1016 1016 semper
1030 941 1060 996 in
1076 939 1145 996 civi·

165 1039 220 1088 tate
235 1031 333 1088 luisse:
363 1031 466 1086 sivero
482 1028 518 1084 ibi
539 1028 716 1100 decesserit,
727 1027 837 1099 exinde,
859 1043 892 1084 ex
907 1043 963 1100 quo
979 1033 1080 1099 captus
1096 1033 1145 1080 est

165 1123 252 1189 pater,
269 1113 340 1170 lilius
355 1115 398 1170 sui
412 1115 479 1169 iuris
495 1113 580 1170 luisse
595 1113 711 1170 videtur.
726 1113 784 1186 ipse
799 1127 909 1186 quoque
924 1109 998 1166 filius
1015 1125 1144 1183 neposve

164 1202 187 1255 si
202 1199 234 1254 ab
250 1197 374 1254 hostibus
390 1205 485 1274 captus
500 1197 592 1268 luerit,
608 1197 731 1254 similiter
743 1197 855 1252 dicimus
870 1201 986 1270 propter
1000 1195 1045 1250 ius
1061 1203 1145 1268 post·

164 1285 260 1340 liminii
275 1284 317 1340 ius
333 1299 444 1356 quoque
458 1283 603 1355 potestatis
617 1282 736 1354 parentis
751 1283 779 1336 in
793 1297 928 1354 suspenso
944 1296 1017 1336 esse.
1034 1279 1145 1334 dictum
1234 1309 1235 1358 ρ

165 1376 208 1424 est
223 1376 313 1423 autem
328 1366 525 1440 postliminium
541 1382 556 1420 a
571 1365 663 1422 limine
679 1373 800 1439 etpost,
816 1358 863 1422 et²
878 1381 957 1435 cunr,
975 1365 1024 1437 qui
1040 1363 1074 1420 ab
1090 1363 1144 1418 ho·
1234 1395 1235 1408 κ

165 1450 253 1507 stibus
269 1459 363 1524 captus
379 1452 407 1508 in
423 1449 491 1506 fines
508 1457 618 1506 nostros
633 1457 729 1523 postea
744 1450 883 1523 pervenit,
905 1449 1080 1523 postliminio
1097 1463 1144 1503 re·

165 1553 272 1592 versum
288 1543 363 1592 recte
378 1534 502 1590 dicimus.
519 1551 580 1590 nam
592 1533 682 1589 limina
695 1535 766 1590 sicut
775 1535 803 1589 in
818 1533 942 1589 domibus
953 1531 1038 1589 finem
1052 1528 1145 1606 queu-

165 1621 225 1675 dam
241 1619 358 1691 iaciunt,
374 1621 413 1674 sic
428 1627 456 1674 et
470 1619 575 1692 imperii
586 1617 667 1672 linem
682 1617 763 1674 limen
779 1635 839 1674 esse
854 1625 960 1674 veteres
977 1617 1142 1674 voluerunt.

166 1705 229 1758 hinc
244 1711 272 1758 et
285 1703 362 1758 limes
378 1703 465 1758 dictus
481 1710 523 1758 est
539 1703 615 1774 quasi
631 1699 693 1756 finis
709 1701 817 1774 quidam
832 1710 860 1758 et
875 1704 1018 1758 terminus.
1055 1701 1089 1758 ab
1107 1718 1143 1758 eo

165 1786 359 1860 postliminium
384 1786 501 1857 dictum,
528 1787 590 1859 quia
613 1785 709 1842 eodem
733 1785 824 1842 limine
848 1786 1054 1859 revertebatur,
1082 1803 1143 1861 quo

166 1871 280 1926 amissus
296 1878 362 1926 erat.
402 1861 471 1925 ³scd
487 1879 514 1925 et
536 1871 582 1943 qui
601 1871 678 1926 victis
700 1869 824 1926 hostibus
844 1880 1038 1945 recuperatur,
1061 1881 1144 1945 post·

131 1968 148 2016 6
165 1955 269 2010 liminio
284 1954 396 2011 rediisse
413 1955 589 2010 existimatur.
614 1949 779 2011 “Praeterea
793 1957 1007 2029 emancipatione
1024 1972 1143 2032 quoquc

165 2039 293 2096 desinunt
307 2038 385 2095 liberi
400 2040 427 2094 in
441 2046 578 2112 potestate
593 2046 735 2113 parentum
750 2055 820 2096 esse.
850 2039 899 2095 sed
914 2057 944 2096 ea
956 2042 1143 2114 emancipatio

167 2132 244 2180 antea
261 2123 370 2198 quidem
386 2123 428 2180 vel
442 2140 493 2198 per
503 2123 640 2197 antiquam
652 2124 721 2198 legis
734 2121 949 2180 observationem
957 2125 1143 2198 procedebat,

166 2223 234 2282 quae
259 2225 309 2282 per
331 2209 499 2282 imaginarias
520 2207 691 2264 venditiones
713 2217 740 2264 et
762 2207 964 2265 intercedentes
988 2213 1144 2266 manumis-

165 2294 256 2347 siones
272 2291 472 2363 celebrabatur,
494 2291 537 2348 vel
552 2308 584 2346 ex
599 2291 729 2365 imperiali
751 2293 893 2366 rescripto.
932 2302 1029 2350 nostra
1046 2303 1144 2351 autem

165 2375 335 2449 providentia
358 2383 385 2431 et
401 2376 453 2432 hoo
467 2378 495 2432 in
510 2375 605 2432 melius
628 2392 678 2449 per
698 2372 942 2434 constitutionem⁵
963 2379 1143 2452 reformavit,

166 2467 207 2532 ut,
220 2455 329 2516 fictione
344 2460 457 2533 pristinu
472 2460 599 2534 explosa,
620 2468 693 2516 recta
714 2462 754 2516 via
769 2461 840 2534 apud
861 2469 1052 2536 competentes
1068 2465 1146 2521 iudi·

165 2560 211 2600 ces
226 2544 269 2600 vel
284 2544 458 2618 magistratus
473 2551 599 2620 parentes
614 2546 717 2602 intrent
733 2553 760 2601 et
780 2543 850 2601 lilios
866 2563 931 2602 suos
947 2547 991 2602 vel
1008 2547 1079 2604 filias
1098 2550 1146 2606 vel

166 2637 279 2702 nepotes
295 2628 337 2684 vel
352 2636 448 2703 neptes
464 2646 494 2686 ac
509 2628 635 2703 deinceps
651 2647 699 2686 sua
720 2646 801 2686 manu
816 2629 992 2687 dimitterent.
1026 2642 1056 2688 et
1072 2643 1145 2690 tunc

166 2729 199 2768 ex
213 2713 301 2770 edicto
317 2716 450 2787 praetoris
470 2715 498 2770 in
519 2715 599 2770 huius
614 2712 663 2770 filii
679 2714 720 2770 vel
735 2712 821 2786 iiliac,
847 2717 955 2788 nepotis
979 2716 1022 2773 vel
1045 2721 1145 2793 neptis

165 2795 255 2869 bonis,
272 2799 318 2872 qui
333 2797 376 2854 vel
388 2815 455 2873 quae
467 2816 481 2854 a
495 2807 607 2877 parente
622 2799 802 2855 manumissus
813 2797 855 2855 vel
864 2802 1029 2857 manumissa
1040 2802 1145 2876 fuerit,

166 2881 259 2936 eadem
279 2884 338 2938 iura
357 2891 529 2956 praestantur
548 2885 669 2958 parenti,
697 2899 765 2957 quae
790 2882 947 2940 tribuuntur
973 2893 1097 2958 patrono
1115 2891 1146 2944 in

166 2963 244 3020 bouis
260 2965 363 3022 liberti:
380 2977 407 3024 et
421 2977 560 3044 praeterea
576 2971 599 3024 si
619 2967 743 3042 impubes
764 2969 800 3023 sit
816 2966 886 3024 filius
903 2968 1015 3026 voltilia
1032 2971 1078 3027 vel
1097 2989 1146 3028 ce·
1232 2985 1233 3048 ζ

168 3051 234 3122 teri,
259 3053 317 3125 ipse
341 3069 439 3126 parens
462 3071 495 3112 ea
516 3054 733 3110 manumissione
754 3052 866 3108 tutelam
887 3054 945 3109 eius
969 3056 1150 3114 nanciscitur
1232 3067 1233 3078 ³

167 3199 368 3210 —--—....—..

233 3282 251 3346 ¹)
268 3286 477 3348 portiru=Goi.
498 3289 521 3344 i,
540 3289 588 3336 129
606 3292 665 3338 mut.
750 3283 771 3346 ²)
790 3288 820 3333 ut
841 3286 958 3351 plerique
986 3288 1064 3336 codd.
1088 3297 1148 3344 vet.

165 3349 224 3400 edd.
243 3350 315 3402 Scir.
334 3359 359 3402 et
377 3355 427 3405 Kr.
496 3353 516 3417 ³)
534 3375 568 3396 =
586 3354 618 3403 L.
638 3355 679 3404 26.
694 3352 788 3415 siml).
807 3353 839 3402 dc
857 3355 949 3416 captio.
970 3354 1020 3416 (49,
1038 3352 1085 3420 15)
1109 3375 1150 3408 eu·

166 3416 308 3469 Florentini
324 3423 340 3470 l.
358 3423 374 3470 6
391 3424 470 3473 instit.
550 3419 571 3484 ⁴)
590 3424 646 3475 init.
665 3441 699 3462 =
719 3420 774 3470 uat.
795 3420 817 3476 1,
838 3421 894 3470 132.
966 3418 987 3486 ⁶)
1007 3423 1040 3472 L.
1058 3423 1091 3474 6.
1116 3426 1148 3475 C.

167 3483 198 3531 de
217 3489 339 3552 emancip.
358 3486 392 3553 (8,
412 3492 445 3541 48
463 3492 497 3540 ol.
517 3488 570 3553 49).
