2486 3916
152 120 195 186 56
323 129 591 178 33333333133333
610 129 768 166 33333333
788 129 843 164 non
863 113 900 174 ΙΙ,
918 116 945 168 8.
1026 157 1031 160 .
1097 102 1100 106 ⁵

153 280 207 334 boc
221 277 336 332 forsitan
351 274 413 330 ideo
427 271 536 328 videtur
550 270 624 342 fieri,
646 271 720 346 quod
735 270 876 327 voluntate
898 269 1035 327 debitoris
1053 271 1143 327 intel·

153 363 257 435 legitur
279 361 379 433 pignus
401 357 532 427 alienare,
553 357 600 430 qui
621 355 653 410 ab
673 357 750 412 initio
772 362 931 412 contractus
956 363 1056 429 paetus
1080 364 1139 426 est,

153 453 185 502 ut
199 445 294 500 liceret
315 442 443 509 creditori
462 442 564 515 pignus
579 439 711 510 vendere,
733 441 758 496 si
778 441 895 514 pecunia
914 456 972 496 333
995 440 1136 496 solvatur.

153 528 201 584 sed
217 545 250 583 ne
266 527 414 583 creditores
429 527 471 580 ius
487 541 567 580 suum
587 526 714 598 persequi
734 524 934 598 impedirentur
948 541 1042 598 neque
1058 523 1138 580 debi-

152 621 227 668 tores
252 619 356 667 temere
381 625 490 666 suarum
519 625 611 665 rerum
640 609 788 664 dominium
818 610 944 664 amittere
974 609 1137 680 videantur,

153 705 246 752 nostra
262 685 477 752 constitutione¹
492 693 647 750 consultum
663 699 744 750 estet
759 699 851 750 certus
867 691 966 748 modus
982 693 1136 768 impositus

154 787 211 850 est,
232 796 382 854 perquem
407 780 555 854 pignorum
576 777 714 833 distractio
740 778 829 851 possit
854 777 1025 850 procedere,
1052 779 1134 833 euius

153 872 251 920 tenore
271 865 381 936 utrique
401 863 473 936 parti
487 861 653 918 creditorum
669 867 696 916 et
712 860 867 917 debitorum
881 862 948 917 satis
963 861 1136 935 abundeque

119 951 135 998 2
153 949 290 1022 provisum
307 955 358 1003 est.
395 939 793 1017 211333331313333311333133,
813 961 903 1020 neque
924 945 1061 1020 pupillum
1084 963 1135 1002 ne·

153 1049 206 1105 que
221 1031 351 1105 pupillam
364 1029 445 1086 ullam
460 1045 517 1086 rem
532 1030 590 1084 sine
605 1031 705 1084 tutoris
721 1029 883 1086 auctoritate
898 1029 1019 1084 alienare
1034 1047 1132 1104 posse.

153 1115 270 1188 ideoque
291 1116 314 1169 si
335 1121 456 1170 mutuam
481 1113 622 1186 pecuniam
648 1113 727 1169 alicui
751 1115 810 1168 sine
836 1114 937 1168 tutoris
964 1115 1135 1170 auctoritate

153 1198 274 1269 dederit,
295 1215 351 1254 333
366 1197 502 1254 contrahit
517 1196 726 1271 obligationem,
748 1199 811 1270 quia
831 1199 974 1270 pecuniam
991 1215 1049 1254 non
1065 1199 1134 1255 lacit

153 1283 323 1355 accipientis,
345 1273 739 1356 13133333313311333133333318
760 1289 893 1355 possunt,
914 1283 1003 1339 sicubi
1017 1289 1132 1340 extent:

153 1367 201 1422 sed
216 1367 239 1422 si
256 1369 373 1438 nummi,
395 1381 464 1440 quos
485 1373 595 1420 mutuos
615 1364 704 1436 dedit,
726 1364 824 1437 abeo,
846 1366 901 1439 qui,
913 1367 1035 1440 accepit,
1057 1366 1133 1423 bona

153 1448 207 1505 lide
228 1452 381 1524 consumpti
402 1457 482 1522 sunt,
502 1449 607 1506 condici
626 1458 757 1523 possunt,
778 1451 801 1505 si
822 1450 891 1506 mala
906 1447 978 1522 fide,
1000 1450 1036 1506 ad
1052 1453 1132 1508 exbi-

152 1534 270 1592 bendum
286 1535 320 1591 de
335 1535 376 1591 bis
392 1535 436 1608 agi
450 1540 552 1606 potest.
588 1539 615 1588 ut
636 1551 669 1589 ex
684 1535 819 1590 contrario
837 1551 931 1590 omnes
953 1551 998 1590 res
1019 1536 1131 1610 pupillo

153 1626 182 1674 et
196 1619 314 1692 pupillae
329 1620 388 1674 sine
404 1619 503 1674 tutoris
519 1619 679 1673 auctoritate
690 1624 764 1674 recte
780 1618 838 1674 dari
851 1626 979 1692 possunt.
1007 1619 1132 1694 ideoque

154 1703 177 1756 si
202 1701 309 1757 debitor
332 1701 436 1774 pupillo
462 1699 565 1770 solvat,
591 1704 741 1757 necessaria
766 1711 808 1780 est
833 1703 934 1758 tutoris
961 1707 1130 1762 auctoritas:

152 1784 273 1856 alioquin
295 1801 350 1840 333
371 1783 537 1840 liberabitur.
573 1785 711 1842 sedetiam
731 1787 784 1842 hoc
798 1787 1000 1844 evidentissima
1019 1791 1132 1846 ratione

153 1874 286 1922 statutum
307 1869 395 1923 estin
417 1869 629 1941 constitutione,
651 1887 730 1943 quam
752 1870 785 1926 ad
800 1870 995 1928 Caesareense's
1012 1873 1131 1932 advoca-

153 1958 198 2005 tos
214 1967 247 2006 ex
272 1953 452 2026 suggestione
468 1951 633 2026 'lriboniani,
654 1955 704 2010 viri
722 1956 942 2027 eminentissimi,
970 1962 1130 2030 quaestoris

153 2035 222 2090 socri
236 2036 327 2108 palatii
342 2037 446 2109 nostri,
467 2039 696 2113 promulgavimus
704 2034 727 2109 ,⁴
748 2057 801 2113 qua
820 2039 984 2113 dispositum
1006 2052 1068 2114 est,
1093 2047 1131 2101 ita

152 2117 235 2175 licere
246 2123 331 2177 tutori
343 2121 385 2178 vel
396 2123 516 2178 curatori
530 2122 681 2180 debitorem
695 2123 856 2197 pupillarem
867 2124 986 2198 solvere,
1003 2137 1036 2183 ut
1050 2131 1130 2202 prius

151 2207 287 2261 sententia
304 2206 436 2262 iudicialis
458 2209 517 2263 siue
541 2210 615 2263 omni
635 2207 732 2263 damno
755 2207 889 2264 celebrata
903 2210 958 2265 boc
972 2215 1129 2284 permittat.

154 2301 208 2357 quo
224 2287 387 2359 subsecuto,
408 2291 432 2344 si
452 2298 479 2345 et
493 2289 574 2345 iudex
588 2293 803 2362 pronuntiaverit
823 2299 851 2348 et
872 2292 982 2354 debitor
999 2297 1129 2370 solverit,

153 2377 283 2440 sequatur
298 2373 453 2427 huiusmodi
465 2373 630 2428 solutionem
645 2373 800 2448 plenissima
810 2377 954 2434 securitas.
979 2381 1024 2436 siu
1036 2390 1130 2439 autem

153 2449 232 2508 aliter
252 2471 332 2527 quam
353 2454 535 2528 disposuimus
554 2457 656 2513 solutio
677 2458 747 2515 lacta
761 2459 843 2516 luerit
864 2469 892 2518 et
913 2466 1061 2536 pecuniam
1075 2468 1130 2523 sal·

153 2549 212 2590 vam
231 2537 328 2594 balneat
347 2539 467 2612 pupillus
482 2548 528 2598 aut
543 2557 576 2596 ex
591 2557 622 2597 33
635 2541 799 2618 locupletior
813 2545 849 2601 sit
864 2553 892 2602 et
907 2547 997 2604 adbuc
1011 2553 1130 2608 eandem

153 2634 283 2678 summam
297 2624 427 2696 pecuniae
441 2631 530 2697 petat,
545 2642 594 2698 per
608 2621 795 2701 exceptionem
810 2629 867 2686 doli
881 2632 944 2687 mali
959 2639 1130 2692 summoveri

150 2706 266 2778 poterit:
282 2707 379 2782 quodsi
393 2715 439 2764 aut
453 2709 521 2766 male
536 2714 735 2786 consumpserit
748 2721 795 2770 aut
809 2714 884 2771 lurto
900 2717 1036 2789 amiserit,
1059 2721 1130 2776 nibil

151 2787 274 2860 proderit
295 2791 410 2848 debitori
431 2793 487 2850 doli
508 2794 569 2851 mali
585 2799 723 2870 exceptio,
744 2798 792 2854 sed
807 2799 893 2856 nihilo
909 2803 999 2856 minus
1016 2803 1128 2860 damna·

151 2869 240 2940 bitur,
258 2877 320 2947 quia
341 2883 443 2934 temere
463 2880 522 2936 sine
543 2882 642 2936 tutoris
664 2882 823 2939 auctoritate
844 2891 872 2940 et
892 2901 949 2940 non
970 2889 1127 2944 secundum

152 2962 272 3011 nostram
287 2957 492 3034 dispositionem
506 2965 626 3022 solverit.
663 2966 710 3023 sed
725 2984 756 3024 ex
779 2967 886 3025 diverso
901 2969 1000 3044 pupilli
1015 2970 1060 3028 vel
1075 2991 1127 3046 pu-

151 3038 231 3111 pillae
246 3041 352 3100 solvere
371 3048 429 3104 sine
450 3057 542 3108 tutore
558 3059 668 3108 auctore
683 3068 739 3108 non
753 3059 886 3127 possmtt,
908 3055 971 3128 quia
985 3054 1030 3127 id,
1049 3057 1126 3130 quod

151 3171 355 3186 Ἣ

220 3253 239 3318 1)
258 3259 291 3310 L.
311 3263 336 3314 3.
354 3262 382 3311 0.
400 3267 431 3315 de
449 3271 504 3318 iure
523 3270 588 3320 dom.
607 3269 666 3333 imp.
691 3269 724 3334 (8,
744 3271 776 3320 33
795 3272 828 3319 ol.
847 3265 902 3337 34).
970 3267 992 3336 ²)
1012 3273 1069 3325 iacit.
1089 3293 1125 3314 =

153 3319 208 3370 Gai.
228 3325 253 3382 2,
272 3327 385 3382 80...82
403 3343 460 3388 mut.
512 3334 533 3398 ⁸)
553 3338 628 3390 codd.
647 3338 724 3401 infer.
736 3335 880 3387 vindicare
899 3351 1026 3388 nummos
1043 3342 1123 3391 codd.

150 3393 200 3438 cet.
218 3393 259 3443 ed,
280 3393 331 3448 Kr.
400 3398 420 3462 4)
439 3403 471 3456 L.
485 3405 527 3454 25.
547 3403 575 3454 Ο.
594 3405 626 3454 de
644 3407 710 3454 adm.
730 3410 775 3456 tut.
796 3403 832 3466 (5,
852 3403 904 3466 37).
