2484 3916
206 216 248 279 70
412 231 447 266 os
468 228 629 266 assumens
648 227 850 264 susrrrosrrnrs
869 213 906 275 11,
928 215 967 262 14.

207 374 239 430 ad
255 373 399 428 Masurium
413 370 542 429 Sabinum
558 388 637 445 quam
653 371 685 426 ad
699 361 835 426 Pfautfum
850 371 971 444 scripsit,
987 369 1077 425 refert.
1105 387 1156 443 pro·

205 459 281 533 prius
301 463 392 514 autem
412 473 506 512 servus
528 458 608 512 etiam
627 457 651 511 is
672 455 857 530 intellegitur,
878 455 905 510 in
928 471 981 528 quo
997 453 1093 510 nudam
1105 471 1156 527 pro·

204 543 348 616 prietatem
368 548 485 598 testator
511 539 608 612 habet,
638 540 690 596 alio
716 539 915 596 usumfructum
943 537 1067 594 habente.
1110 531 1158 593 ¹est

206 633 297 682 autem
312 643 400 699 casus,
415 628 444 682 hr
459 642 514 700 quo
529 642 580 682 nec
594 641 655 681 cum
670 623 796 681 libertate
811 623 916 680 utiliter
930 639 1023 679 servus
1039 623 1158 679 adonira

205 712 285 766 heres
300 711 470 782 instituitur,
490 717 523 766 ut
543 710 741 767 constitutione
756 709 880 764 divorum
895 706 986 764 Severi
1002 715 1031 763 et
1045 707 1157 764 Antonini

206 802 329 867 cavetur,
346 797 422 852 ouius
438 793 518 852 verba
534 795 600 852 haec
615 802 693 852 sunt:
724 791 849 850 ‘Servum
864 791 997 848 adulterio
1013 793 1158 848 maculatum

205 895 261 934 raon
281 881 340 936 iure
362 887 525 936 testamento
541 881 733 936 manumissum
755 884 817 934 ante
837 878 999 937 sententiam
1019 875 1051 932 ah
1071 894 1100 932 ea
1112 893 1158 931 mu-

205 963 271 1018 liere
286 963 389 1036 videri,
411 981 479 1038 quae
494 979 540 1019 rea
554 963 643 1020 fuerat
658 963 778 1020 eiusdem
793 963 911 1020 oriminis
925 962 1077 1036 postulata,
1091 962 1158 1017 ratio-

204 1049 246 1104 nis
262 1055 317 1103 est:
339 1065 423 1122 quare
438 1049 576 1122 sequitur,
598 1057 629 1105 ut
647 1051 675 1104 in
691 1047 806 1105 eundem
821 1065 836 1103 a
850 1047 957 1103 domina
979 1045 1078 1104 collata
1095 1047 1158 1102 insti-

205 1134 276 1186 tutio
292 1132 393 1188 nullius
407 1134 538 1188 momenti
553 1133 705 1190 habeatur.²
735 1132 837 1189 alienus
854 1148 947 1188 servus
962 1132 1045 1188 etiam
1058 1133 1080 1186 is
1093 1129 1158 1186 iutel-

173 1215 186 1263 l
204 1215 322 1290 legitur,
338 1217 365 1272 in
382 1234 436 1291 quo
451 1217 651 1274 usumfructum
666 1224 782 1274 testator
795 1216 886 1274 hahet.
920 1208 1041 1272 ²Scrvus
1056 1222 1157 1272 autema

204 1299 315 1356 domiuo
337 1317 388 1356 suo
408 1302 488 1358 heres
507 1304 666 1374 institutus,
688 1304 711 1358 si
732 1301 840 1376 quidem
856 1303 885 1358 in
900 1300 994 1357 eadem
1008 1315 1086 1358 causa
1098 1315 1157 1354 man·

205 1385 287 1457 serit,
309 1383 340 1441 fit
360 1401 391 1441 er
412 1393 576 1444 testamento
597 1386 665 1443 liber
679 1387 813 1460 heresque
829 1387 1007 1442 necessarius.
1043 1387 1065 1441 si
1079 1398 1156 1440 veroa

203 1470 263 1525 vivo
290 1477 422 1527 testatore
442 1473 621 1528 manumissus
646 1472 744 1543 fuerit,
771 1487 821 1527 suo
842 1469 952 1527 arbitrio
974 1470 1049 1526 adire
1069 1467 1157 1526 heredi·

204 1561 288 1610 tatem
308 1563 416 1628 potest,
440 1558 502 1630 qrria
516 1573 573 1613 non
587 1555 619 1612 fit
632 1557 816 1628 necessarius,
838 1572 899 1612 cum
916 1562 1063 1628 utrumque
1077 1570 1106 1609 es
1119 1551 1156 1606 do·

204 1640 270 1694 mini
295 1647 458 1696 testamento
484 1657 541 1697 non
564 1641 751 1714 consequitur.
797 1639 894 1714 quodsi
920 1637 1052 1696 alienatus
1079 1637 1155 1702 fucrit,

203 1723 280 1776 iussu
299 1725 363 1778 novi
383 1723 486 1779 domini
506 1724 579 1780 adire
599 1724 778 1780 hereditatem
798 1724 879 1780 debet
900 1731 928 1780 et
948 1740 979 1780 ea
1000 1724 1102 1780 ratione
1117 1736 1156 1793 per

203 1821 266 1859 eum
281 1805 406 1861 dominus
422 1805 454 1862 fit
468 1807 561 1862 heres:
582 1824 643 1864 nam
663 1809 721 1882 ipse
742 1809 873 1864 alienatus
888 1824 976 1882 neque
997 1807 1065 1864 fiber
1082 1819 1155 1878 neque

203 1889 283 1943 heres
296 1905 356 1944 esse
370 1896 478 1964 potest,
495 1893 599 1948 etiamsi
611 1909 672 1948 curn
686 1891 812 1948 fibertate
827 1894 906 1949 heres
920 1893 1064 1949 institutus
1075 1890 1154 1946 fucrit:

203 1971 341 2029 destitisse
356 1976 454 2032 etenim
471 1992 486 2032 a
500 1975 633 2034 libertatis
649 1977 756 2034 datione
771 1977 879 2034 videtur
893 1977 1035 2049 dominus,
1050 1977 1153 2050 quicum

203 2055 337 2114 alienavit.
373 2059 477 2117 alienus
498 2078 608 2136 quoque
627 2077 721 2119 servus
736 2063 816 2118 heres
830 2063 972 2118 institutus
993 2063 1017 2118 si
1037 2064 1064 2118 in
1079 2058 1155 2116 eaden

203 2156 283 2197 causa
297 2142 448 2217 duraverit,
463 2147 539 2202 iussn
555 2147 655 2204 domini
670 2146 743 2204 adire
759 2146 935 2204 hereditatem
949 2146 1041 2204 debet.
1069 2146 1154 2202 sivero

202 2225 333 2284 alienatus
349 2227 431 2285 fuerit
445 2239 492 2288 aut
507 2233 567 2288 vivo
582 2239 715 2288 testatore
730 2238 777 2286 aut
791 2240 856 2304 post
870 2239 987 2289 mortem
1002 2234 1075 2302 eius,
1094 2233 1155 2284 ante·

204 2326 283 2380 quam
299 2311 392 2382 adeat,
408 2313 489 2370 dehet
508 2317 585 2370 iussu
600 2317 662 2370 novi
678 2315 779 2371 flumini
794 2315 876 2373 adire.
915 2324 942 2372 at
956 2318 980 2372 si
992 2315 1153 2372 manumissus

203 2399 246 2446 est
267 2395 327 2448 vivo
348 2402 481 2452 testatore
501 2397 543 2452 vel
563 2406 688 2467 mortuo,
710 2407 853 2473 antequam
874 2401 966 2473 adeat,
988 2417 1040 2458 suo
1061 2395 1152 2456 arbitrio

169 2485 185 2534 2
203 2475 276 2530 adire
291 2477 469 2535 hereditatem
484 2487 587 2553 potest.
627 2481 726 2538 Servus
742 2483 845 2545 alienus
859 2491 924 2558 post
938 2485 1041 2541 domini
1055 2487 1154 2540 mortem

201 2566 277 2614 recte
290 2560 369 2617 heres
380 2563 542 2635 instituitur,
560 2567 621 2637 quia
632 2572 660 2621 et
671 2583 732 2623 cunr
747 2567 915 2626 hereditariis
931 2571 1015 2624 servis
1031 2575 1073 2626 est
1087 2569 1154 2621 testa-

201 2646 287 2700 menti
302 2644 398 2702 factio:
413 2647 535 2704 nondum
550 2650 621 2705 enim
635 2649 706 2706 adita
721 2652 855 2708 hereditas
870 2669 1002 2728 personae
1011 2655 1093 2709 vicem
1106 2663 1154 2704 sus-

201 2729 287 2802 tinet,
318 2747 374 2790 non
394 2731 502 2788 heredis
523 2733 623 2806 futuri,
644 2735 692 2791 sed
713 2736 848 2809 defuncti,
870 2753 932 2794 cum
947 2744 975 2794 et
991 2739 1064 2808 eins,
1080 2734 1121 2808 qui
1133 2731 1154 2786 in

168 2819 281 2872 eutero
303 2823 360 2886 est,
388 2832 482 2872 servus
507 2825 582 2874 recte
607 2820 686 2876 heres
712 2823 873 2880 instituitur.
916 2822 1015 2880 Servus
1038 2819 1154 2896 plurium,

201 2912 262 2951 cum
283 2899 381 2971 quihus
402 2903 557 2958 testamenti
574 2902 653 2960 factio
669 2912 726 2976 est,
742 2903 774 2960 ab
790 2914 917 2964 extranco
931 2908 1073 2963 institutus
1087 2903 1154 2958 heres

201 2981 347 3054 unicuique
362 2982 548 3058 dominorum,
564 2989 641 3044 cuius
655 2989 731 3044 iussu
747 2989 857 3062 adierit,
873 3008 923 3064 pro
939 2993 1066 3066 portione
1080 2984 1153 3044 domi·

201 3064 238 3118 nii
253 3064 371 3138 adquirit
386 3069 570 3128 hereditatem.
620 3127 622 3131 ,

164 3160 183 3208 4
263 3147 298 3205 Et
317 3167 400 3208 unum
416 3154 551 3212 homiuem
567 3163 595 3212 ct
615 3157 707 3230 plures
723 3158 750 3214 in
765 3157 915 3232 infinitum,
933 3167 1001 3234 quot
1016 3161 1075 3233 quis
1089 3154 1152 3219 velih

198 3313 401 3328 ''q—*-

268 3432 286 3496 ¹)
302 3435 361 3497 fere
379 3456 413 3476 =
424 3437 459 3485 L.
476 3437 519 3488 48.
538 3437 561 3498 §-
575 3440 600 3490 2.
619 3439 652 3488 D.
673 3440 705 3488 de
722 3440 776 3491 her.
795 3441 855 3489 inst.
871 3439 922 3504 (48,
936 3439 961 3503 5)
981 3455 1016 3491 eae
1033 3430 1153 3488 Marcioni

197 3500 215 3547 l.
235 3500 252 3548 4
269 3503 348 3551 inscio
418 3501 438 3566 ²)
456 3523 491 3544 ·-··
511 3504 566 3555 Gai.
585 3507 610 3564 2,
630 3507 687 3558 188.
707 3508 756 3557 189
774 3514 832 3556 mut.
