2484 3916
926 127 936 144 .

161 164 201 227 10
220 180 270 224 eur
290 180 394 224 osseus
412 181 449 216 nx
467 179 564 216 causis
584 179 788 216 usuuurrrans
808 179 862 214 son
882 177 1005 214 rosanus
1023 165 1046 227 I,
1065 165 1089 214 6.

160 330 272 396 egentes
289 321 427 393 homines,
448 321 546 395 quibus
567 319 635 388 alius
651 321 730 378 heres
746 327 886 376 citaturus
902 337 958 376 non
974 328 1062 391 essct,
1083 321 1132 378 vel

159 422 267 462 servum
281 423 361 462 snum
376 407 558 462 necessarium
574 405 701 462 heredem
722 404 853 476 habeant,
875 407 922 478 qui
936 404 1131 462 satisfacturus

159 498 233 546 esset
253 489 448 562 creditoribus,
475 499 536 561 ant,
558 490 611 546 hoc
631 507 664 546 eo
684 506 739 546 non
761 489 890 561 faciente,
912 489 1061 546 creditores
1081 507 1130 546 res

159 575 334 632 hereditarias
350 577 421 632 servi
440 576 550 632 nomine
570 574 703 645 vendant,
725 591 775 630 nec
795 575 892 630 iniuria
907 572 1052 630 defunctus
1068 573 1130 631 aiii·

125 667 141 716 a
159 661 253 716 ciatur.
292 659 420 733 Idemque
434 660 500 716 iuris
521 661 645 716 estetsi
664 660 722 714 sine
742 658 868 714 libertate
882 674 976 714 servus
992 657 1071 716 heres
1085 661 1129 716 iu-

159 744 272 800 stitutus
288 752 338 800 est.
371 744 445 818 quod
466 751 559 800 nostra
579 736 760 800 constitutio¹
780 759 835 800 non
850 742 940 800 solum
960 743 989 798 iu
1005 741 1128 815 domino,

160 829 206 901 qui
221 829 352 885 solvendo
368 846 423 886 non
438 835 496 900 est,
517 828 566 884 sed
581 828 745 901 generaliter
764 828 906 884 constituit
921 843 990 884 nova
1004 827 1129 884 humaui-

161 914 222 968 tatis
243 915 366 985 ratione,
387 922 418 968 ut
439 929 471 968 ex
491 915 549 986 ipsa
569 913 704 985 scriptura
717 913 898 968 institutionis
920 913 1001 968 etiam
1015 911 1127 968 libertas

160 998 184 1052 ei
200 1005 355 1071 competere
376 997 513 1067 videatur,
535 1013 596 1052 cum
618 1005 736 1052 nonest
757 995 916 1066 verisimile,
940 1012 1018 1068 eum,
1045 1013 1127 1070 quern

159 1081 287 1138 heredem
302 1081 352 1136 sibi
368 1081 466 1156 elegit,
487 1083 511 1138 si
526 1082 737 1155 praetermiserit
751 1079 883 1136 libertatis
899 1080 1053 1152 dationem,
1069 1095 1129 1138 ser·

127 1175 142 1223 3
162 1181 222 1220 vum
243 1181 383 1222 remanere
404 1165 524 1222 voluisse
544 1173 571 1222 et
591 1167 726 1222 neminem
746 1164 797 1220 sibi
818 1163 946 1221 heredem
966 1164 1036 1220 iore.
1074 1159 1128 1222 ²ln

160 1249 282 1305 iraudem
302 1257 392 1306 autem
413 1250 579 1306 creditorum
599 1251 794 1306 manumittere,
809 1249 932 1321 videtur,
956 1250 1003 1324 qui
1017 1249 1060 1306 vel
1075 1251 1128 1306 iam

160 1350 193 1389 eo
211 1344 348 1408 tempore,
370 1351 424 1408 quo
441 1336 620 1405 manumittit,
641 1333 772 1390 solvendo
788 1351 843 1390 uon
859 1342 916 1404 est,
939 1333 980 1390 vel
996 1336 1042 1408 qui
1057 1333 1128 1390 datis

161 1417 330 1474 libertatibus
350 1419 489 1476 desiturus
510 1427 552 1476 est
573 1418 705 1476 solvendo
726 1435 796 1475 esse.
833 1417 1015 1492 praevaluisse
1036 1426 1128 1475 tamen

159 1501 281 1576 videtur,
296 1505 348 1560 nisi
362 1505 479 1560 animum
492 1520 602 1578 quoque
613 1502 752 1560 iraudandi
764 1504 943 1560 manumissor
953 1502 1055 1574 habuit,
1071 1495 1148 1560 non'

150 1587 283 1661 'impediri
298 1587 464 1652 libertatem,
488 1589 608 1662 quamvis
622 1587 694 1644 bona
709 1588 768 1643 eius
784 1586 963 1644 creditoribus
978 1604 1034 1644 non
1050 1586 1128 1644 suifi-

160 1672 245 1726 ciant:
267 1688 347 1745 saepe
362 1674 434 1728 enim
449 1673 482 1728 de
497 1671 670 1728 facultatibus
686 1673 743 1727 suis
758 1672 873 1745 amplius
889 1688 968 1746 quam
983 1673 1011 1728 in
1026 1673 1067 1728 his
1083 1681 1128 1730 est

160 1764 270 1827 sperant
291 1756 423 1812 homines.
461 1759 554 1830 itaque
580 1763 646 1811 tunc
667 1755 852 1830 intellegimus
872 1756 997 1830 impediri
1017 1755 1128 1814 liberta·

160 1847 232 1909 tem,
247 1856 307 1894 cum
324 1847 442 1914 utroque
457 1839 538 1896 modo
555 1839 714 1896 fraudantur
730 1841 896 1912 creditores,
917 1840 1002 1896 idest
1018 1849 1045 1897 et
1061 1857 1127 1898 con·

160 1922 221 1978 silio
242 1926 455 1981 manumittentis
477 1933 505 1981 et
524 1925 583 1998 ipsa
604 1941 649 1996 re,
670 1941 703 1981 eo
723 1925 797 1999 quod
818 1924 888 1982 hona
909 1941 964 1982 non
980 1925 1127 1982 suffectura

160 2015 225 2064 sunt
239 2008 428 2066 creditoribus.

126 2103 143 2151 4
223 2085 345 2150 ³Eadem
360 2093 423 2170 lege
438 2094 511 2150 helia
527 2093 618 2150 Sentio
633 2093 743 2150 domino
760 2092 858 2150 minori
873 2096 948 2150 annis
964 2096 1060 2168 viginti
1069 2111 1127 2150 non

161 2177 239 2234 aliter
259 2181 447 2236 manumittere
468 2181 650 2254 permittitur,
673 2196 751 2254 quam
772 2180 795 2235 si
815 2178 931 2235 vindicta
952 2179 1023 2253 apud
1038 2181 1129 2236 consi·

160 2261 226 2316 lium
241 2263 311 2318 iusta
331 2279 411 2318 causa
431 2265 649 2319 manumissionis
669 2263 816 2336 adprobata
837 2265 919 2319 luerit
940 2266 1095 2321 manumissi
1103 2259 1125 2320 4.

126 2341 142 2389 ὅ
162 2337 267 2400 ⁵lustae
282 2354 371 2402 autem
387 2348 604 2404 manumissionis
616 2363 712 2403 causae
725 2355 798 2420 sunt,
813 2348 896 2404 veluti
911 2349 1007 2422 siquis
1022 2358 1128 2423 patrem

161 2437 206 2484 aut
221 2437 333 2486 matrem
349 2437 395 2486 aut
410 2429 494 2487 lilium
510 2429 624 2488 filiamve
638 2439 685 2488 aut
695 2431 804 2488 iratrem
820 2449 976 2489 sororemve
990 2433 1127 2490 naturales

161 2520 207 2568 aut
227 2513 433 2589 paedagogum,
466 2517 616 2587 nutricem,
637 2515 810 2573 educatorem
832 2525 878 2574 aut
909 2517 1048 2574 alumnum
1069 2517 1126 2573 alu·

161 2613 281 2653 mnamve
296 2606 343 2654 ant
358 2599 552 2656 collactaneum
564 2603 745 2672 manumittat,
761 2609 807 2658 aut
822 2618 930 2658 servum
940 2604 1126 2676 procuratoris

161 2681 275 2739 habendi
297 2684 399 2757 gratia,
427 2691 473 2740 aut
497 2684 619 2742 ancillam
640 2687 803 2742 matrimonii
830 2703 925 2758 causa,
951 2687 1014 2743 dum
1036 2695 1127 2744 tamen

159 2768 229 2822 intra
244 2785 292 2823 seu
307 2784 414 2824 menses
430 2785 499 2826 uxor
518 2769 648 2841 ducatur,
674 2771 727 2826 nisi
749 2771 819 2826 insta
840 2787 920 2828 causa
934 2771 1077 2844 impediat,
1099 2778 1128 2828 et

161 2853 207 2924 qui
221 2854 418 2908 manumittitur
430 2855 615 2927 procuratoris
627 2853 740 2910 habendi
752 2857 853 2929 gratia,
868 2872 904 2914 ne
918 2857 1006 2912 minor
1021 2863 1127 2930 septem

159 3017 362 3026 ——---—-

229 3114 250 3186 1)
268 3119 301 3169 L.
321 3120 345 3170 tt.
364 3119 393 3173 θ.
412 3121 663 3172 concasnomen
685 3122 744 3172 inat.
765 3119 800 3188 (6,
818 3118 871 3188 27).
940 3121 962 3188 ²)
979 3124 1074 3186 partim
1091 3143 1126 3164 =

160 3187 194 3238 L.
208 3188 247 3240 10.
260 3187 293 3238 D.
312 3189 356 3253 qui
377 3194 430 3236 cia
443 3188 509 3254 quib.
531 3205 636 3239 manum.
651 3185 708 3255 (40,
727 3187 755 3256 9)
778 3205 813 3239 en·
838 3191 897 3240 Gaia·
912 3194 929 3241 l.
950 3193 964 3240 1
982 3206 1035 3240 rer.
1056 3199 1126 3256 quot.

160 3249 181 3318 8)
199 3275 233 3295 --
253 3254 309 3304 Gai.
329 3257 351 3313 1,
370 3257 411 3307 38.
498 3253 520 3318 ⁴)
537 3258 576 3306 sic
593 3259 668 3310 codd.
686 3265 749 3316 oet,
772 3263 800 3306 ut
820 3259 993 3318 manumissi,
1010 3259 1127 3321 fortasse

160 3322 210 3371 iam
227 3339 244 3372 a
266 3322 421 3374 Triboninno
442 3323 500 3374 Gaii
516 3332 639 3390 compto
657 3326 713 3376 loco
732 3326 845 3376 additum
866 3343 883 3376 a
899 3325 1127 3378 manumissionis

159 3391 283 3507 pgnpgot.
302 3390 407 3440 fuerint
419 3392 581 3444 manumissi
598 3395 674 3444 codd.
693 3393 771 3456 inser.
790 3395 850 3444 edd.
920 3392 943 3460 ὅ)
963 3393 1005 3457 Cfi
1030 3393 1087 3447 Gai.
1102 3397 1126 3454 l,
