2464 3916
154 165 216 230 182
233 182 309 226 ouon
328 183 385 220 cuir
404 179 453 224 ro,
474 181 525 224 our
545 181 575 216 rs
593 181 701 218 amans
719 182 880 220 scansurus
894 183 954 227 esr,
969 169 1113 232 etc.1V‚i.
1215 151 1216 178 ³

114 339 143 388 s·
152 323 288 399 peculium
304 332 331 380 et
348 331 452 379 tanturn
466 321 580 395 habere,
608 331 639 378 ut
654 321 771 380 solidum
794 322 845 378 sihi
871 323 941 379 solvi
955 326 1050 398 possit.
1092 325 1116 380 ls

152 423 277 482 quoqne,
298 408 342 464 cui
358 407 501 465 tributoria
517 408 587 464 actio
603 408 749 482 competit,
770 423 856 481 aeque
877 408 911 463 de
926 409 1034 482 peculio
1050 417 1077 464 et
1091 411 1117 465 in

151 509 208 548 rem
223 507 301 548 verso
318 507 399 566 agere
414 500 521 566 potest:
537 491 586 548 sed
601 508 665 548 sane
681 492 744 548 buic
759 491 839 548 modo
854 491 998 549 triltutoria
1012 493 1118 566 expedit

149 593 247 651 agere,
272 575 354 632 modo
382 576 416 632 de
442 576 548 650 peculio
569 585 597 632 et
611 577 640 632 in
654 591 711 632 rem
726 593 815 632 verso.
840 576 984 632 tributoria
999 576 1061 633 ideo
1076 593 1120 632 es·

150 659 224 733 pedit
239 676 336 734 agere,
359 661 421 733 quia
435 662 463 716 in
479 677 510 716 ea
524 659 627 716 domiui
646 660 769 716 condicio
785 662 928 734 praecipua
943 678 999 716 non
1015 670 1073 731 est,
1095 662 1119 716 id

150 752 208 815 est,
225 743 299 818 quod
314 744 424 801 domino
439 744 568 817 debetur,
590 761 646 801 non
669 743 826 815 deducitur,
848 745 897 801 sed
918 745 1040 800 eiusdem
1055 747 1120 801 iuris
1216 783 1217 802 1

149 836 193 884 est
208 828 350 902 dominus,
372 831 448 886 cuius
471 837 499 885 et
519 831 604 886 ceteri
625 829 786 886 creditores:
818 837 846 884 at
860 831 889 885 in
903 831 1010 886 actione
1025 829 1060 885 de
1075 847 1121 902 pe·

149 911 221 970 cullo
237 922 300 972 ante
315 913 472 985 deducitur,
489 914 564 987 qnod
579 913 688 970 domino
704 912 818 970 debetur
839 921 866 970 et
881 916 909 970 in
924 913 967 984 id,
989 913 1064 986 quod
1081 931 1122 970 re·

148 997 253 1071 liquum
269 1006 320 1069 est,
336 998 465 1055 creditori
481 998 606 1054 dominus
617 997 821 1054 condemnatur.
852 1015 947 1054 rursus
964 997 997 1053 de
1012 998 1122 1072 peculio

149 1081 210 1138 ideo
226 1082 334 1156 expedit
354 1099 451 1157 agere,
477 1082 550 1156 quod
571 1086 598 1138 in
620 1083 670 1138 bac
691 1084 795 1138 actione
828 1084 911 1138 totius
932 1082 1032 1156 peculii
1051 1084 1122 1138 ratio

149 1165 279 1238 habetur,
295 1173 322 1221 at
337 1167 365 1224 in
382 1166 523 1222 tributoria
539 1168 596 1224 eius
612 1173 726 1238 tantum,
744 1167 817 1240 quod
833 1168 1006 1242 negotiatur,
1029 1176 1057 1222 et
1074 1183 1123 1241 po·

148 1257 204 1306 test
219 1251 335 1324 quisque
357 1253 434 1307 tertia
460 1251 531 1307 forte
557 1260 634 1326 parte
654 1251 753 1325 peculii
779 1260 826 1306 aut
852 1259 946 1324 quarta
971 1251 1014 1308 vel
1041 1252 1123 1306 etiam
1217 1267 1218 1312 t

149 1335 257 1390 rninima
272 1336 423 1409 negotiari,
445 1337 572 1391 maiorem
594 1344 684 1391 autem
699 1343 803 1408 partem
818 1338 845 1392 in
866 1335 982 1408 praediis
1003 1345 1031 1392 et
1047 1352 1124 1390 man·

149 1419 224 1492 cipiis
240 1428 286 1475 aut
293 1418 403 1492 ⁴fenebri
417 1421 532 1493 pecunia
547 1419 655 1475 habere,
678 1425 761 1493 prout
777 1437 843 1494 ergo
860 1419 979 1493 expedit,
995 1421 1032 1476 ita
1048 1422 1124 1492 quis-

149 1519 203 1576 que
219 1503 261 1560 vel
276 1503 344 1560 banc
359 1505 492 1560 actionem
508 1504 550 1560 vel
565 1504 637 1560 illam
649 1504 751 1577 eligere
767 1504 861 1560 debet:
876 1511 950 1560 certe
966 1505 1012 1578 qui
1028 1513 1123 1578 potest

148 1585 278 1660 probare,
304 1589 332 1644 in
347 1605 404 1644 rem
420 1588 522 1644 domini
536 1605 642 1644 versum
664 1605 739 1660 esse,
763 1589 797 1645 de
818 1591 846 1644 in
866 1605 923 1644 rem
944 1605 1123 1662 versoagere

115 1669 131 1718 6
149 1669 239 1728 debet.
271 1671 343 1741 Quae
358 1672 473 1730 diximus
489 1673 616 1729 deservo
633 1681 660 1728 et
680 1672 806 1745 domino,
827 1673 919 1730 eadem
934 1673 1123 1748 intellegimus
1218 1723 1219 1746 ,

149 1764 176 1812 et
192 1755 226 1812 de
242 1755 298 1812 tilio
314 1766 342 1812 et
357 1756 411 1814 iilia
426 1765 472 1813 aut
487 1767 587 1832 nepote
603 1767 630 1813 et
645 1763 745 1831 nepte,
767 1767 794 1814 et
808 1750 904 1831 patre¹
920 1773 1019 1828 avove,
1042 1759 1122 1813 cuius
1218 1749 1219 1760 ¹

115 1840 176 1895 tin
191 1847 327 1914 potestate
353 1849 426 1896 sunt.
464 1841 534 1896 lllud
559 1843 669 1915 proprie
694 1850 816 1898 servatur
841 1845 868 1898 in
884 1858 979 1898 eorum
991 1857 1122 1914 persona,

149 1923 223 1997 quod
243 1925 511 1982 senatusconsultum
532 1925 752 1982 Macedonianum
765 1920 928 2003 prohibuit,
949 1935 1058 1982 mutuas
1075 1941 1123 1999 pc-

148 2009 240 2066 cunias
256 2007 313 2066 dari
328 2011 382 2083 eis,
400 2011 488 2085 quiin
503 2012 622 2084 parentis
638 2017 719 2066 erunt
733 2018 885 2084 potestate:
901 2011 983 2082 etei,
1000 2012 1048 2084 qui
1064 2027 1123 2066 cre-

148 2092 261 2167 diderit,
286 2094 438 2170 denegatur
462 2096 531 2152 actio
558 2103 612 2150 tam
627 2095 756 2151 adversus
782 2096 872 2169 ipsum
893 2092 978 2150 lilium
994 2093 1122 2166 filiamve,

149 2187 277 2254 nepotem
293 2187 453 2254 neptemve,
474 2181 530 2236 sive
550 2179 637 2236 adhuc
658 2181 685 2235 in
706 2189 842 2254 potestate
857 2187 938 2252 sunt,
960 2181 1017 2235 sive
1032 2187 1122 2245 morte
1219 2241 1220 2262 χ

149 2267 269 2336 parentis
284 2265 327 2322 vel
341 2265 555 2340 emancipatione
564 2280 629 2320 suae
640 2266 785 2337 potestatis
795 2280 855 2320 esse
871 2265 1023 2338 coeperint,
1040 2281 1122 2338 quam
1219 2273 1220 2276 ’

148 2347 277 2405 adversus
291 2357 396 2422 patrem
412 2366 542 2421 avumvc,
564 2349 621 2405 sive
642 2348 737 2404 babeat
757 2365 804 2404 eos
825 2348 913 2404 adhuc
934 2349 961 2404 in
982 2354 1122 2422 potestate
1219 2339 1220 2344 ἵ

148 2433 205 2488 sive
220 2434 435 2506 emancipaverit.
476 2451 544 2509 quae
564 2434 625 2490 ideo
646 2440 756 2490 senatus
777 2435 934 2507 prospexit,
956 2434 1019 2506 quia
1040 2451 1122 2507 saepe

149 2519 254 2574 onerati
268 2533 329 2574 aere
344 2517 431 2574 alieno
448 2519 608 2575 creditarum
635 2519 825 2590 pecuniarum,
850 2535 917 2592 quas
943 2518 971 2573 in
987 2517 1121 2574 luxuriam

114 2601 130 2651 8
149 2601 360 2674 consumebant,
375 2604 444 2659 vitae
459 2605 611 2677 parentium
626 2601 828 2658 insidiabantur.
874 2601 944 2658 lllud
966 2602 994 2656 in
1016 2619 1121 2658 summa

148 2685 310 2742 admonendi
324 2703 434 2760 sumus,
450 2686 493 2758 id,
516 2685 590 2760 quod
604 2688 681 2742 iussu
701 2688 784 2760 patris
800 2687 935 2743 dominive
950 2695 1120 2742 contractum

148 2769 231 2826 luerit
257 2770 386 2844 quodque
412 2773 441 2828 in
465 2787 522 2826 rem
549 2772 607 2826 eius
628 2786 737 2828 versum
752 2771 850 2844 fuerit,
876 2771 980 2828 directo
1008 2787 1119 2844 quoque

148 2871 230 2928 posse
245 2872 260 2910 a
280 2861 356 2928 patre
371 2855 515 2911 dominove
529 2854 648 2926 condici,
671 2861 806 2928 tamquam
821 2857 843 2912 si
859 2855 1044 2928 principaliter
1058 2871 1121 2911 cum

148 2940 208 3012 ipso
224 2941 365 3014 negotium
381 2947 489 3014 gestum
506 2946 587 2996 essct.
627 2941 652 2994 ei
678 2956 797 3014 quoque,
823 2941 870 3014 qui
894 2939 937 2994 vel
960 2940 1121 2996 exercitoria

148 3023 191 3079 vel
216 3023 351 3079 institoria
377 3025 483 3080 actione
499 3031 623 3095 tenetur,
650 3023 754 3080 directo
783 3041 865 3098 posse
891 3023 996 3080 cundici
1019 3023 1119 3097 placet,

149 3109 212 3182 quia
227 3109 307 3164 huius
324 3125 433 3182 quoque
449 3109 526 3164 iussu
541 3115 711 3165 contractum
727 3109 907 3184 intellegitur.

220 3372 238 3434 ¹)
258 3377 286 3423 et
304 3376 383 3438 petre
402 3374 481 3439 aliqui
493 3375 568 3424 codd.
587 3373 665 3436 infer.
686 3376 715 3424 et
732 3389 780 3426 om,
799 3375 875 3426 codd.
894 3380 941 3426 oet.
961 3375 1002 3428 ed.
1021 3374 1071 3426 Kr.
